{
  "ts": { "ms": "2025-05-19T16:23:50.433Z" },
  "items": {
    "easy peeler": {
      "al": {
        "000000000000266362": {
          "n": "Wonky Easy Peelers",
          "p": 0.99,
          "q": 1,
          "u": "pac",
          "nw": { "t": 600, "u": "g" },
          "img": "https://dm.emea.cms.aldi.cx/is/image/aldiprodeu/product/jpg/scaleWidth/300/e475f42d-0bfe-436a-aaf3-83bb11c432ec/{slug}"
        },
        "000000000000271757": {
          "n": "Mini Easy Peelers",
          "p": 0.89,
          "q": 1,
          "u": "pac",
          "nw": { "t": 500, "u": "g" },
          "img": "https://dm.emea.cms.aldi.cx/is/image/aldiprodeu/product/jpg/scaleWidth/300/2f636e8c-b991-4db4-8bc1-065a915847f6/{slug}"
        },
        "000000000000271780": {
          "n": "Easy Peelers",
          "p": 1.69,
          "q": 1,
          "u": "pac",
          "nw": { "t": 600, "u": "g" },
          "img": "https://dm.emea.cms.aldi.cx/is/image/aldiprodeu/product/jpg/scaleWidth/300/07f71e49-2707-4709-bd74-bc2102dbfc6c/{slug}"
        }
      },
      "as": {
        "1000144509223": {
          "n": "ASDA Garden Gang Super Easy Peelers",
          "p": 0.83,
          "u": "Each",
          "nw": { "t": 500, "u": "g" },
          "ppuom": "£1.66/kg",
          "img": "https://ui.assets-asda.com:443/dm/5057172014866"
        },
        "1000383189924": {
          "n": "ASDA Extra Special ClemenGold Easy Peelers",
          "p": 1.87,
          "u": "Each",
          "nw": { "t": 600, "u": "g" },
          "ppuom": "£3.12/kg",
          "img": "https://ui.assets-asda.com:443/dm/5063089133637"
        }
      },
      "tc": {
        "266499399": {
          "n": "Tesco Sweet Easy Peelers 600g",
          "p": 1.19,
          "q": 1,
          "u": "u",
          "nw": { "t": 600, "u": "g" },
          "ppuom": "£1.98/kg",
          "img": "https://digitalcontent.api.tesco.com/v2/media/ghs/5de2d3b3-6869-45fe-8442-6c557e1e5441/caefc9f3-89f2-4708-a8e6-68ccd6debbae.jpeg?h=225&w=225"
        },
        "312572968": {
          "n": "Tesco Sweet Easy Peeler Each",
          "p": 0.3,
          "q": 1,
          "u": "u",
          "nw": { "t": 1, "u": "u" },
          "ppuom": "£0.30/each",
          "img": "https://digitalcontent.api.tesco.com/v2/media/ghs/5d34d739-4cf7-41d5-a74e-0c68cf4c7ec6/724317c4-fd0b-480c-95dc-9ae1ad0df641.jpeg?h=225&w=225"
        }
      },
      "oc": {
        "44847011": {
          "n": "Ocado Easy Peelers",
          "p": 1.19,
          "q": 1,
          "u": "u",
          "nw": { "t": 600, "u": "g" },
          "ppuom": "1.98per kg",
          "img": "https://www.ocado.com/productImages/448/44847011_0_150x150.jpg"
        },
        "354419011": {
          "n": "OrchardWorld Seedless Easy Peeler Box",
          "p": 4.75,
          "q": 1,
          "u": "u",
          "nw": { "t": 1500, "u": "g" },
          "ppuom": "3.17per kg",
          "img": "https://www.ocado.com/productImages/354/354419011_0_150x150.jpg"
        },
        "517762011": {
          "n": "M&S Seedless Easy Peelers",
          "p": 2.65,
          "q": 1,
          "u": "u",
          "nw": { "t": 600, "u": "g" },
          "ppuom": "4.42per kg",
          "img": "https://www.ocado.com/productImages/517/517762011_0_150x150.jpg"
        },
        "518331011": {
          "n": "M&S Taste Buds Seedless Easy Peelers",
          "p": 1.5,
          "q": 1,
          "u": "u",
          "nw": { "t": 500, "u": "g" },
          "ppuom": "3per kg",
          "img": "https://www.ocado.com/productImages/518/518331011_0_150x150.jpg"
        },
        "549886011": {
          "n": "Ocado Mini Easy Peelers",
          "p": 1.1,
          "q": 1,
          "u": "u",
          "nw": { "t": 500, "u": "g" },
          "ppuom": "2.2per kg",
          "img": "https://www.ocado.com/productImages/549/549886011_0_150x150.jpg"
        },
        "648428011": {
          "n": "Disney Mini Easy Peelers",
          "p": 1.5,
          "q": 1,
          "u": "u",
          "nw": { "t": 500, "u": "g" },
          "ppuom": "0.3per 100g",
          "img": "https://www.ocado.com/productImages/648/648428011_0_150x150.jpg"
        }
      },
      "ms": {
        "108377096": {
          "n": "Morrisons Sweetclems Easy Peelers",
          "p": 1.35,
          "q": 1,
          "u": "u",
          "nw": { "t": 600, "u": "g" },
          "ppuom": "2.25/kg",
          "img": "https://groceries.morrisons.com/images-v3/4b85987b-1398-4173-a0c1-3546047c9d74/d50baec6-ace5-4887-b2a2-c0a322f5d075/300x300.jpg"
        },
        "112943450": {
          "n": "Morrisons Savers Easy Peelers",
          "p": 0.99,
          "q": 1,
          "u": "u",
          "nw": { "t": 600, "u": "g" },
          "ppuom": "1.65/kg",
          "img": "https://groceries.morrisons.com/images-v3/4b85987b-1398-4173-a0c1-3546047c9d74/a1bde458-6ed2-4bd6-a25a-08c27c0c7d4f/300x300.jpg"
        },
        "113326761": {
          "n": "Morrisons Organic Easy Peelers ",
          "p": 2,
          "q": 1,
          "u": "u",
          "nw": { "t": 5, "u": "u" },
          "ppuom": "0.40/each",
          "img": "https://groceries.morrisons.com/images-v3/4b85987b-1398-4173-a0c1-3546047c9d74/f9d38118-9f1d-4301-855c-856b6cfb400d/300x300.jpg"
        },
        "114515125": {
          "n": "Bagu Easy Peelers Clementines 1kg",
          "p": 3,
          "q": 1,
          "u": "u",
          "nw": { "t": 1000, "u": "g" },
          "ppuom": "3.00/kg",
          "img": "https://groceries.morrisons.com/images-v3/4b85987b-1398-4173-a0c1-3546047c9d74/3eabfcc9-1c19-40fb-b3ac-327c2256cc95/300x300.jpg"
        },
        "115014728": {
          "n": "Morrisons Sweetclems Easy Peelers 1.1kg",
          "p": 2,
          "q": 1,
          "u": "u",
          "nw": { "t": 1100, "u": "g" },
          "ppuom": "1.82/kg",
          "img": "https://groceries.morrisons.com/images-v3/4b85987b-1398-4173-a0c1-3546047c9d74/0bf9daf5-ba7e-40ff-8501-3104863c8c76/300x300.jpg"
        }
      }
    },
    "apple": {
      "al": {
        "000000000000267194": {
          "n": "Pineapple",
          "p": 0.98,
          "q": 1,
          "u": "ea",
          "nw": { "t": 1, "u": "u" },
          "img": "https://dm.emea.cms.aldi.cx/is/image/aldiprodeu/product/jpg/scaleWidth/300/86a51c2f-ed3b-40fc-980a-101b78d358e9/{slug}"
        },
        "000000000000271500": {
          "n": "Pink Lady Apples",
          "p": 2.69,
          "q": 1,
          "u": "pac",
          "nw": { "t": 6, "u": "u" },
          "img": "https://dm.emea.cms.aldi.cx/is/image/aldiprodeu/product/jpg/scaleWidth/300/3539baf1-af8a-4381-be4d-21bdbf2b6902/{slug}"
        },
        "000000000000305666": {
          "n": "Golden Delicious Apples",
          "p": 1.49,
          "q": 1,
          "u": "pac",
          "nw": { "t": 6, "u": "u" },
          "img": "https://dm.emea.cms.aldi.cx/is/image/aldiprodeu/product/jpg/scaleWidth/300/f04d5783-5c1b-414e-81f7-5ac2905004ff/{slug}"
        },
        "000000000000305866": {
          "n": "Granny Smith Apples",
          "p": 1.49,
          "q": 1,
          "u": "pac",
          "nw": { "t": 6, "u": "u" },
          "img": "https://dm.emea.cms.aldi.cx/is/image/aldiprodeu/product/jpg/scaleWidth/300/adae024f-aba4-45ae-aeb5-7211328ce09f/{slug}"
        },
        "000000000000306530": {
          "n": "Jazz Apples",
          "p": 2.09,
          "q": 1,
          "u": "pac",
          "nw": { "t": 6, "u": "u" },
          "img": "https://dm.emea.cms.aldi.cx/is/image/aldiprodeu/product/jpg/scaleWidth/300/11774ef7-9e2e-48c9-8906-07148c3c13fd/{slug}"
        },
        "000000000000339768": {
          "n": "Braeburn Apples",
          "p": 1.49,
          "q": 1,
          "u": "ea",
          "nw": { "t": 6, "u": "u" },
          "img": "https://dm.emea.cms.aldi.cx/is/image/aldiprodeu/product/jpg/scaleWidth/300/5312b48a-f17e-42f8-9e5a-685da646c0d3/{slug}"
        },
        "000000000000339769": {
          "n": "Large Bramley Apple",
          "p": 0.59,
          "q": 1,
          "u": "ea",
          "nw": { "t": 1, "u": "u" },
          "img": "https://dm.emea.cms.aldi.cx/is/image/aldiprodeu/product/jpg/scaleWidth/300/623cf030-ecd5-4415-bebb-a0aca737776d/{slug}"
        },
        "000000000000339771": {
          "n": "Best of British Apples",
          "p": 1.49,
          "q": 1,
          "u": "ea",
          "nw": { "t": 6, "u": "u" },
          "img": "https://dm.emea.cms.aldi.cx/is/image/aldiprodeu/product/jpg/scaleWidth/300/b126d954-a26c-47b9-967c-9e7776b03c26/{slug}"
        },
        "000000000000339805": {
          "n": "Apple, PIneapple & Grape",
          "p": 0.99,
          "q": 1,
          "u": "ea",
          "nw": { "t": 200, "u": "g" },
          "img": "https://dm.emea.cms.aldi.cx/is/image/aldiprodeu/product/jpg/scaleWidth/300/97c39679-1936-496b-bd10-35a2faed4e68/{slug}"
        },
        "000000000000339878": {
          "n": "British Mini Apples",
          "p": 0.59,
          "q": 1,
          "u": "ea",
          "nw": { "t": 6, "u": "u" },
          "img": "https://dm.emea.cms.aldi.cx/is/image/aldiprodeu/product/jpg/scaleWidth/300/3fdbf672-2b0b-4a47-8e6d-f93fb06b830b/{slug}"
        },
        "000000000000339923": {
          "n": "British Royal Gala Apples",
          "p": 1.49,
          "q": 1,
          "u": "ea",
          "nw": { "t": 6, "u": "u" },
          "img": "https://dm.emea.cms.aldi.cx/is/image/aldiprodeu/product/jpg/scaleWidth/300/2350626c-47cb-4583-acb5-e9b7ce1f8392/{slug}"
        },
        "000000000000491850": {
          "n": "Wonky Apples",
          "p": 1.19,
          "q": 1,
          "u": "pac",
          "nw": { "t": 6, "u": "u" },
          "img": "https://dm.emea.cms.aldi.cx/is/image/aldiprodeu/product/jpg/scaleWidth/300/003691fa-e941-4f0d-936f-d561a4fb04f5/{slug}"
        },
        "000000000000556782": {
          "n": "Pineapple Chunks",
          "p": 1.59,
          "q": 1,
          "u": "ea",
          "nw": { "t": 300, "u": "g" },
          "img": "https://dm.emea.cms.aldi.cx/is/image/aldiprodeu/product/jpg/scaleWidth/300/b6365d29-a6f5-4194-84d4-dcd2872ec2d3/{slug}"
        },
        "000000000000568485": {
          "n": "Apples, Grapes & Cheese",
          "p": 0.99,
          "q": 1,
          "u": "ea",
          "nw": { "t": 105, "u": "g" },
          "img": "https://dm.emea.cms.aldi.cx/is/image/aldiprodeu/product/jpg/scaleWidth/300/2bf7e216-2ac0-41e5-97b6-bbf04a8d3050/{slug}"
        },
        "000000000340660001": {
          "n": "Apple Snack Pack",
          "p": 0.39,
          "q": 1,
          "u": "ea",
          "nw": { "t": 80, "u": "g" },
          "img": "https://dm.emea.cms.aldi.cx/is/image/aldiprodeu/product/jpg/scaleWidth/300/0f732f8f-ac55-4326-a419-5ac9c9773132/{slug}"
        },
        "000000000340660002": {
          "n": "Apple & Grape Snack Pack",
          "p": 0.39,
          "q": 1,
          "u": "ea",
          "nw": { "t": 80, "u": "g" },
          "img": "https://dm.emea.cms.aldi.cx/is/image/aldiprodeu/product/jpg/scaleWidth/300/cd4adf82-49dc-4a47-8cae-26519321d510/{slug}"
        },
        "000000000000268536": {
          "n": "Pink Lady Kids Apples",
          "p": 1.99,
          "q": 1,
          "u": "pac",
          "nw": { "t": 6, "u": "u" },
          "img": "https://dm.emea.cms.aldi.cx/is/image/aldiprodeu/product/jpg/scaleWidth/300/23876c62-548e-4822-bd5f-68f721003c07/{slug}"
        }
      },
      "as": {
        "20326": {
          "n": "ASDA Giant Pineapple (Ripe & Ready To Eat)",
          "p": 1.88,
          "u": "Each",
          "nw": { "t": 1, "u": "u" },
          "ppuom": "£1.88/each",
          "img": "https://ui.assets-asda.com:443/dm/27394052"
        },
        "77023191": {
          "n": "ASDA Juicy & Sweet Pineapple Fingers",
          "p": 1.58,
          "u": "Each",
          "nw": { "t": 200, "u": "g" },
          "ppuom": "£7.90/kg",
          "img": "https://ui.assets-asda.com:443/dm/5051413113998"
        },
        "910001512881": {
          "n": "ASDA Tangy & Tropical Pineapple (Ripe & Ready To Eat)",
          "p": 0.98,
          "u": "Each",
          "nw": { "t": 1, "u": "u" },
          "ppuom": "98.0p/each",
          "img": "https://ui.assets-asda.com:443/dm/23009066"
        },
        "1000144509295": {
          "n": "ASDA Garden Gang Amazing Apples (Colour may vary)",
          "p": 1.08,
          "u": "Each",
          "nw": { "t": 6, "u": "u" },
          "ppuom": "18.0p/each",
          "img": "https://ui.assets-asda.com:443/dm/5057172014880"
        },
        "1000308693040": {
          "n": "Pink Lady Apples",
          "p": 2.88,
          "u": "Each",
          "nw": { "t": 6, "u": "u" },
          "ppuom": "48.0p/each",
          "img": "https://ui.assets-asda.com:443/dm/5057172689620"
        },
        "910002849510": {
          "n": "ASDA Sweet & Juicy Royal Gala Apples",
          "p": 1.58,
          "u": "Each",
          "nw": { "t": 6, "u": "u" },
          "ppuom": "26.3p/each",
          "img": "https://ui.assets-asda.com:443/dm/5054781401285"
        },
        "910002849516": {
          "n": "ASDA Zingy & Crisp Braeburn Apples",
          "p": 1.49,
          "u": "Each",
          "nw": { "t": 6, "u": "u" },
          "ppuom": "24.8p/each",
          "img": "https://ui.assets-asda.com:443/dm/5054781401261"
        },
        "910002849538": {
          "n": "ASDA Tart & Juicy Granny Smith Apples",
          "p": 1.58,
          "u": "Each",
          "nw": { "t": 6, "u": "u" },
          "ppuom": "26.3p/each",
          "img": "https://ui.assets-asda.com:443/dm/5054781401100"
        },
        "910002849529": {
          "n": "ASDA Soft & Sweet Golden Delicious Apples",
          "p": 1.58,
          "u": "Each",
          "nw": { "t": 6, "u": "u" },
          "ppuom": "26.3p/each",
          "img": "https://ui.assets-asda.com:443/dm/5054781401186"
        },
        "910001413505": {
          "n": "ASDA Pineapple Lolly",
          "p": 0.44,
          "u": "Each",
          "nw": { "t": 80, "u": "g" },
          "ppuom": "£5.50/kg",
          "img": "https://ui.assets-asda.com:443/dm/5054070299203"
        },
        "910001413502": {
          "n": "ASDA Crisp & Juicy Apple Slices",
          "p": 0.44,
          "u": "Each",
          "nw": { "t": 80, "u": "g" },
          "ppuom": "£5.50/kg",
          "img": "https://ui.assets-asda.com:443/dm/5054070299166"
        },
        "910000347964": {
          "n": "ASDA Mango Melon & Pineapple Mini Platter",
          "p": 1.98,
          "u": "Each",
          "nw": { "t": 240, "u": "g" },
          "ppuom": "£8.25/kg",
          "img": "https://ui.assets-asda.com:443/dm/5052449008197"
        },
        "910001037283": {
          "n": "Pink Lady Apples",
          "p": 2.34,
          "u": "Each",
          "nw": { "t": 4, "u": "u" },
          "ppuom": "58.5p/each",
          "img": "https://ui.assets-asda.com:443/dm/5052449894134"
        },
        "910001512390": {
          "n": "ASDA Juicy & Sweet Pineapple Chunks",
          "p": 2.44,
          "u": "Each",
          "nw": { "t": 400, "u": "g" },
          "ppuom": "£6.10/kg",
          "img": "https://ui.assets-asda.com:443/dm/5051413114001"
        },
        "910000426024": {
          "n": "ASDA Mild & Crisp Apple Grapes & Cheese",
          "p": 1.46,
          "u": "Each",
          "nw": { "t": 150, "u": "g" },
          "ppuom": "£9.73/kg",
          "img": "https://ui.assets-asda.com:443/dm/5052449215045"
        },
        "910001413503": {
          "n": "ASDA Crisp & Juicy Apple Slices & Grapes",
          "p": 0.44,
          "u": "Each",
          "nw": { "t": 80, "u": "g" },
          "ppuom": "£5.50/kg",
          "img": "https://ui.assets-asda.com:443/dm/5054070299173"
        },
        "910003003923": {
          "n": "ASDA Sweet & Juicy Strawberry, Apple & Grapes 130g",
          "p": 1.32,
          "u": "Each",
          "nw": { "t": 130, "u": "g" },
          "ppuom": "£10.15/kg",
          "img": "https://ui.assets-asda.com:443/dm/5054781443629"
        },
        "1000121694551": {
          "n": "ASDA Sweet & Crisp Pineapple, Grapes & Apple 225g",
          "p": 1.62,
          "u": "Each",
          "nw": { "t": 225, "u": "g" },
          "ppuom": "£7.20/kg",
          "img": "https://ui.assets-asda.com:443/dm/5057172014446"
        },
        "9999999113399": {
          "n": "ASDA Apple Slices & Grapes Stock Up Bundle",
          "p": 1.17,
          "u": "Each",
          "nw": { "t": 1, "u": "u" },
          "ppuom": null,
          "img": "https://ui.assets-asda.com:443/dm/ASDAAppleSlicesGrapesStockUp_Bundle"
        },
        "9999999113397": {
          "n": "ASDA Apple Slices Stock Up Bundle",
          "p": 1.17,
          "u": "Each",
          "nw": { "t": 1, "u": "u" },
          "ppuom": null,
          "img": "https://ui.assets-asda.com:443/dm/ASDAAppleSlicesStockUp_Bundle"
        },
        "910002849503": {
          "n": "ASDA Organic Apples",
          "p": 2.34,
          "u": "Each",
          "nw": { "t": 6, "u": "u" },
          "ppuom": "39.0p/each",
          "img": "https://ui.assets-asda.com:443/dm/5054781401308"
        }
      },
      "tc": {
        "251627289": {
          "n": "Large Pink Lady Apples Loose Class 1",
          "p": 0.74,
          "q": 1,
          "u": "u",
          "nw": { "t": 1, "u": "u" },
          "ppuom": "£4.35/kg",
          "img": "https://digitalcontent.api.tesco.com/v2/media/ghs/59a1c830-6d74-4b63-9d5c-276ca6e36993/a24670f1-e70f-4c29-90e7-dcdac32ad8b1.jpeg?h=225&w=225"
        },
        "253558033": {
          "n": "Tesco Bramley Cooking Apples Loose",
          "p": 0.63,
          "q": 1,
          "u": "u",
          "nw": { "t": 252, "u": "g" },
          "ppuom": "£2.50/kg",
          "img": "https://digitalcontent.api.tesco.com/v2/media/ghs/29e958ab-c29d-4db4-a90c-a545dd044010/8e609ce4-14a9-4acb-b05f-5b72978a649a.jpeg?h=225&w=225"
        },
        "253559147": {
          "n": "Large Gala Apples Loose Class 1",
          "p": 0.44,
          "q": 1,
          "u": "u",
          "nw": { "t": 1, "u": "u" },
          "ppuom": "£2.75/kg",
          "img": "https://digitalcontent.api.tesco.com/v2/media/ghs/a8b38a5e-abd5-460e-b96a-b755ec02a031/a2cd83e2-f5e8-41cc-b97b-63d15b8f88a7.jpeg?h=225&w=225"
        },
        "253807413": {
          "n": "Large Braeburn Apples Loose Class 1",
          "p": 0.55,
          "q": 1,
          "u": "u",
          "nw": { "t": 1, "u": "u" },
          "ppuom": "£2.75/kg",
          "img": "https://digitalcontent.api.tesco.com/v2/media/ghs/85deaf77-0792-4b0a-bc3e-abf8ea1af016/928c7193-66db-45e1-9670-f3d11cf6cf29_2039535930.jpeg?h=225&w=225"
        },
        "255230763": {
          "n": "Tesco Pineapple",
          "p": 0.98,
          "q": 1,
          "u": "u",
          "nw": { "t": 1, "u": "u" },
          "ppuom": "£0.98/each",
          "img": "https://digitalcontent.api.tesco.com/v2/media/ghs/4abcf933-bf5a-471d-be49-9f76ec9b1fbb/8790fb0b-5b90-4984-a566-2da9e4c28b6a.jpeg?h=225&w=225"
        },
        "274983482": {
          "n": "Tesco Melon & Pineapple Finger 300G",
          "p": 2.5,
          "q": 1,
          "u": "u",
          "nw": { "t": 300, "u": "g" },
          "ppuom": "£8.33/kg",
          "img": "https://digitalcontent.api.tesco.com/v2/media/ghs/14fe733b-ef10-4bd6-82df-ab4e3911f407/7acddd7e-803e-4c7b-8d3a-b582cf86e138.jpeg?h=225&w=225"
        },
        "284475550": {
          "n": "Tesco Gala Apples 5 Pack",
          "p": 1.7,
          "q": 1,
          "u": "u",
          "nw": { "t": 5, "u": "u" },
          "ppuom": "£0.34/each",
          "img": "https://digitalcontent.api.tesco.com/v2/media/ghs/1ba576a4-21f8-4d42-a9d4-3e150cc787a6/2b90f696-ee93-4d99-8b43-61156d35d3a9.jpeg?h=225&w=225"
        },
        "284475671": {
          "n": "Tesco Braeburn Apple 5 Pack",
          "p": 1.7,
          "q": 1,
          "u": "u",
          "nw": { "t": 5, "u": "u" },
          "ppuom": "£0.34/each",
          "img": "https://digitalcontent.api.tesco.com/v2/media/ghs/ab3787e5-197e-44de-910d-20c137390b93/054af6b2-48a1-4962-9fff-078343f004fa.jpeg?h=225&w=225"
        },
        "284475832": {
          "n": "Tesco Granny Smith Apples 5 Pack",
          "p": 1.7,
          "q": 1,
          "u": "u",
          "nw": { "t": 5, "u": "u" },
          "ppuom": "£0.34/each",
          "img": "https://digitalcontent.api.tesco.com/v2/media/ghs/0d636e98-def9-452c-9e75-363049591b78/983bb0c9-f332-4757-b9c1-3b23c4936085.jpeg?h=225&w=225"
        },
        "284475890": {
          "n": "Tesco Golden Delicious Apple Minimum 5 Pack",
          "p": 1.7,
          "q": 1,
          "u": "u",
          "nw": { "t": 5, "u": "u" },
          "ppuom": "£0.34/each",
          "img": "https://digitalcontent.api.tesco.com/v2/media/ghs/d24a178d-eea5-4dd0-9415-f1bc61581905/7cde6311-e7a9-4721-ad2f-fab77febebba.jpeg?h=225&w=225"
        },
        "284477058": {
          "n": "Tesco British Apples Minimum 5 Pack",
          "p": 1.7,
          "q": 1,
          "u": "u",
          "nw": { "t": 5, "u": "u" },
          "ppuom": "£0.34/each",
          "img": "https://digitalcontent.api.tesco.com/v2/media/ghs/4731f4b1-a311-435a-8141-4b288593f8bf/54802816-26ed-434b-b01b-8f34f5b7fe2e.jpeg?h=225&w=225"
        },
        "284477542": {
          "n": "Tesco Pink Lady Apples 5 Pack",
          "p": 2.9,
          "q": 1,
          "u": "u",
          "nw": { "t": 5, "u": "u" },
          "ppuom": "£0.58/each",
          "img": "https://digitalcontent.api.tesco.com/v2/media/ghs/aa316d74-27b0-4b24-9e2c-2c4fb9af3134/b203fdc1-806f-420d-a619-4b9687fc94ba.jpeg?h=225&w=225"
        },
        "284477628": {
          "n": "Tesco Jazz Apple 6 Pack",
          "p": 2.35,
          "q": 1,
          "u": "u",
          "nw": { "t": 6, "u": "u" },
          "ppuom": "£0.39/each",
          "img": "https://digitalcontent.api.tesco.com/v2/media/ghs/8fb666b9-453e-4893-b8dd-f63760e00837/32417e6f-f412-4d4b-9330-cf18aa94b8aa.jpeg?h=225&w=225"
        },
        "286681924": {
          "n": "Tesco Apple Snack Pack 80G",
          "p": 0.5,
          "q": 1,
          "u": "u",
          "nw": { "t": 80, "u": "g" },
          "ppuom": "£6.25/kg",
          "img": "https://digitalcontent.api.tesco.com/v2/media/ghs/2fa4c1c7-bb56-48fe-b574-aa9c2b8026ff/8f2839c5-b375-4cad-a2e2-8dac37c73e91.jpeg?h=225&w=225"
        },
        "287023171": {
          "n": "Tesco Organic Gala Apples 630G",
          "p": 2.35,
          "q": 1,
          "u": "u",
          "nw": { "t": 630, "u": "g" },
          "ppuom": "£3.73/kg",
          "img": "https://digitalcontent.api.tesco.com/v2/media/ghs/fcfd5f59-f37e-4030-9942-74925be64c9f/48bcd837-a395-4ffb-a007-729ccb42e80b_1295391216.jpeg?h=225&w=225"
        },
        "287872392": {
          "n": "Tesco Pineapple 500G",
          "p": 3,
          "q": 1,
          "u": "u",
          "nw": { "t": 500, "u": "g" },
          "ppuom": "£6.00/kg",
          "img": "https://digitalcontent.api.tesco.com/v2/media/ghs/7310fca5-8d58-4d3c-9bff-1174003f0350/675059d3-62e6-4141-a095-23c139128759.jpeg?h=225&w=225"
        },
        "292249576": {
          "n": "Rosedene Farms Small Apple 6 Pack",
          "p": 0.99,
          "q": 1,
          "u": "u",
          "nw": { "t": 6, "u": "u" },
          "ppuom": "£0.16/each",
          "img": "https://digitalcontent.api.tesco.com/v2/media/ghs/3450065a-a9da-42e7-89fe-b9b5d54f4659/2c31dc74-4efd-49ee-b0fa-3219b10d3133_1342735814.jpeg?h=225&w=225"
        },
        "293171580": {
          "n": "Tesco Organic Pink Lady Apples Approx 4",
          "p": 2.5,
          "q": 1,
          "u": "u",
          "nw": { "t": 4, "u": "u" },
          "ppuom": "£5.68/kg",
          "img": "https://digitalcontent.api.tesco.com/v2/media/ghs/101a626e-7e87-4412-af41-7b5134205f1f/a08a4ab0-3e86-4cc3-8c86-4a94792d569a.jpeg?h=225&w=225"
        },
        "301513359": {
          "n": "Tesco Pink Lady Apple & Grape Pot 100G",
          "p": 1.4,
          "q": 1,
          "u": "u",
          "nw": { "t": 100, "u": "g" },
          "ppuom": "£14.00/kg",
          "img": "https://digitalcontent.api.tesco.com/v2/media/ghs/d8ea68b8-4a4a-42a5-8a15-2b78f85c49eb/fc6d939c-6c4f-41ee-855c-ce0cc75d0189.jpeg?h=225&w=225"
        },
        "301513394": {
          "n": "Tesco Pink Lady Apple Pot 80G",
          "p": 1.4,
          "q": 1,
          "u": "u",
          "nw": { "t": 80, "u": "g" },
          "ppuom": "£17.50/kg",
          "img": "https://digitalcontent.api.tesco.com/v2/media/ghs/496f8763-c0e8-485d-887a-0979e52db64b/9d90616b-2488-4d71-ae67-c06f743ccd9f.jpeg?h=225&w=225"
        },
        "302947875": {
          "n": "Tesco Pink Lady Apple 350G",
          "p": 2.85,
          "q": 1,
          "u": "u",
          "nw": { "t": 350, "u": "g" },
          "ppuom": "£8.14/kg",
          "img": "https://digitalcontent.api.tesco.com/v2/media/ghs/5776be22-0ee2-4a3c-9901-a977763f071e/73a1f150-7db1-417b-9dec-651ffdc967c9.jpeg?h=225&w=225"
        },
        "302947950": {
          "n": "Tesco Pink Lady Apple And Grape Snack Pot 100G",
          "p": 1.4,
          "q": 1,
          "u": "u",
          "nw": { "t": 100, "u": "g" },
          "ppuom": "£14.00/kg",
          "img": "https://digitalcontent.api.tesco.com/v2/media/ghs/06af6a39-577a-4a1f-928f-eaca1ae27d0e/e2f8ded9-a061-4141-baee-d7c44b3c9e8f.jpeg?h=225&w=225"
        },
        "302971678": {
          "n": "Tesco Pineapple Chunks 145G",
          "p": 1.4,
          "q": 1,
          "u": "u",
          "nw": { "t": 145, "u": "g" },
          "ppuom": "£9.66/kg",
          "img": "https://digitalcontent.api.tesco.com/v2/media/ghs/0917d960-3e5e-4de9-a11a-70781e897307/90997d9e-0336-4f9a-a17b-79265bd36559.jpeg?h=225&w=225"
        },
        "302971718": {
          "n": "Tesco Pineapple Chunks 145G",
          "p": 1.4,
          "q": 1,
          "u": "u",
          "nw": { "t": 145, "u": "g" },
          "ppuom": "£9.66/kg",
          "img": "https://digitalcontent.api.tesco.com/v2/media/ghs/91091a88-9247-453f-9c70-a5cbea80b47a/4a525ff3-ade8-48d2-b0f3-638dd74f9fc6.jpeg?h=225&w=225"
        },
        "305831903": {
          "n": "Rosedene Farms Gala Apples 6 Pack",
          "p": 1.49,
          "q": 1,
          "u": "u",
          "nw": { "t": 6, "u": "u" },
          "ppuom": "£0.25/each",
          "img": "https://digitalcontent.api.tesco.com/v2/media/ghs/d13ee7da-8862-453e-b1d3-8c89a2174342/f25fd721-6dc6-4288-9042-ff2062942e4d.jpeg?h=225&w=225"
        },
        "306935710": {
          "n": "Tesco Organic Seasonal Apples",
          "p": 2.35,
          "q": 1,
          "u": "u",
          "nw": { "t": 4, "u": "u" },
          "ppuom": "£0.59/each",
          "img": "https://digitalcontent.api.tesco.com/v2/media/ghs/1de5a473-6c44-4bb9-897f-f099873616a9/b9214627-188f-4592-80d4-fb8c01ef5b90.jpeg?h=225&w=225"
        },
        "307761343": {
          "n": "Tesco Finest Apples Minimum 4 Pack",
          "p": 2.3,
          "q": 1,
          "u": "u",
          "nw": { "t": 4, "u": "u" },
          "ppuom": "£0.58/each",
          "img": "https://digitalcontent.api.tesco.com/v2/media/ghs/5dfb0c4e-89cf-4fb0-a8a6-9ef42aa8898e/f3aac4eb-5d2f-4cf7-b14a-990164021bf2.jpeg?h=225&w=225"
        },
        "309753989": {
          "n": "Tesco Seasonal Apples Minimum 5 Pack",
          "p": 1.7,
          "q": 1,
          "u": "u",
          "nw": { "t": 5, "u": "u" },
          "ppuom": "£0.34/each",
          "img": "https://digitalcontent.api.tesco.com/v2/media/ghs/f15583f7-b522-4670-8e4f-3b07bfd151b4/e44acd68-fd94-4c9d-94f2-84725f79306a.jpeg?h=225&w=225"
        },
        "311435753": {
          "n": "Tesco Pineapple Chunks 300G",
          "p": 2.5,
          "q": 1,
          "u": "u",
          "nw": { "t": 300, "u": "g" },
          "ppuom": "£8.33/kg",
          "img": "https://digitalcontent.api.tesco.com/v2/media/ghs/141b59bf-529d-4d31-abd7-630d128366ab/1a63af50-57b1-42e6-8ed7-fbf13e2ebc8f.jpeg?h=225&w=225"
        },
        "311449005": {
          "n": "Tesco Pineapple Chunks 300G",
          "p": 2.5,
          "q": 1,
          "u": "u",
          "nw": { "t": 300, "u": "g" },
          "ppuom": "£8.33/kg",
          "img": "https://digitalcontent.api.tesco.com/v2/media/ghs/c5bf9870-f820-4142-861b-ce8ce0104d7c/016c9f30-7ca7-4b47-9679-8eda24313280.jpeg?h=225&w=225"
        },
        "313835651": {
          "n": "Tesco Apple With Peanut Butter Dip 110G",
          "p": 1.5,
          "q": 1,
          "u": "u",
          "nw": { "t": 110, "u": "g" },
          "ppuom": "£13.64/kg",
          "img": "https://digitalcontent.api.tesco.com/v2/media/ghs/b97b39cf-9381-4b12-adea-7696262445db/72104e74-89c9-4321-be46-c1656dd8c2e5.jpeg?h=225&w=225"
        },
        "313845316": {
          "n": "Tesco Finest Pink Lady Apple 4 Pack",
          "p": 3,
          "q": 1,
          "u": "u",
          "nw": { "t": 4, "u": "u" },
          "ppuom": "£0.75/each",
          "img": "https://digitalcontent.api.tesco.com/v2/media/ghs/39e1b0c4-ba76-4ff3-b460-a26600a38f9b/9b7874fd-6d35-483d-a0c0-2a692d58c2ff.jpeg?h=225&w=225"
        },
        "313859559": {
          "n": "Tesco Apple Family Bag 1.5Kg",
          "p": 3.1,
          "q": 1,
          "u": "u",
          "nw": { "t": 1500, "u": "g" },
          "ppuom": "£2.07/kg",
          "img": "https://digitalcontent.api.tesco.com/v2/media/ghs/fdd2da23-058d-4d95-a60e-92c0344daa28/6fd26c30-329d-4d00-bc60-2aeb4eb0e188.jpeg?h=225&w=225"
        },
        "317418747": {
          "n": "Rockit Apple 5 pack",
          "p": 2.3,
          "q": 1,
          "u": "u",
          "nw": { "t": 5, "u": "u" },
          "ppuom": "£0.46/each",
          "img": "https://digitalcontent.api.tesco.com/v2/media/ghs/3e9d2ee7-9a09-4868-87ee-c34636757023/8d7d91c6-d4c9-4d53-9bf2-f55f1bbd1d7d.jpeg?h=225&w=225"
        },
        "320791535": {
          "n": "Tesco Apple & Cinnamon Yogurt Pot 160g",
          "p": 2.5,
          "q": 1,
          "u": "u",
          "nw": { "t": 160, "u": "g" },
          "ppuom": "£15.62/kg",
          "img": "https://digitalcontent.api.tesco.com/v2/media/ghs/3ac75637-859c-4696-85b3-61575adcdd15/399171e5-2bb4-4c18-a601-b502e4e103ff.jpeg?h=225&w=225"
        },
        "320793320": {
          "n": "Tesco Apple, Grape & Cheese Snack Pack 110g",
          "p": 1.5,
          "q": 1,
          "u": "u",
          "nw": { "t": 110, "u": "g" },
          "ppuom": "£13.64/kg",
          "img": "https://digitalcontent.api.tesco.com/v2/media/ghs/034ba663-58c6-46d9-8f54-d3b9ded859d8/2323ba09-feb4-4727-8d4e-665bf0ab5396.jpeg?h=225&w=225"
        }
      },
      "oc": {
        "44879011": {
          "n": "Ocado British Seasonal Apples",
          "p": 1.85,
          "q": 1,
          "u": "u",
          "nw": { "t": 6, "u": "u" },
          "ppuom": "0.308each",
          "img": "https://www.ocado.com/productImages/448/44879011_0_150x150.jpg"
        },
        "64852011": {
          "n": "Ocado Golden Delicious Apples",
          "p": 1.75,
          "q": 1,
          "u": "u",
          "nw": { "t": 6, "u": "u" },
          "ppuom": "0.292each",
          "img": "https://www.ocado.com/productImages/648/64852011_0_150x150.jpg"
        },
        "64856011": {
          "n": "Ocado British Bramley Cooking Apples min",
          "p": 2.25,
          "q": 1,
          "u": "u",
          "nw": { "t": 4, "u": "u" },
          "ppuom": "0.563each",
          "img": "https://www.ocado.com/productImages/648/64856011_0_150x150.jpg"
        },
        "64858011": {
          "n": "Ocado Pink Lady Apples",
          "p": 2.8,
          "q": 1,
          "u": "u",
          "nw": { "t": 6, "u": "u" },
          "ppuom": "0.467each",
          "img": "https://www.ocado.com/productImages/648/64858011_0_150x150.jpg"
        },
        "64861011": {
          "n": "Ocado Royal Gala Apples",
          "p": 1.9,
          "q": 1,
          "u": "u",
          "nw": { "t": 6, "u": "u" },
          "ppuom": "0.317each",
          "img": "https://www.ocado.com/productImages/648/64861011_0_150x150.jpg"
        },
        "64862011": {
          "n": "Ocado Braeburn Apples",
          "p": 1.75,
          "q": 1,
          "u": "u",
          "nw": { "t": 6, "u": "u" },
          "ppuom": "0.292each",
          "img": "https://www.ocado.com/productImages/648/64862011_0_150x150.jpg"
        },
        "64863011": {
          "n": "Ocado Granny Smith Apples",
          "p": 1.75,
          "q": 1,
          "u": "u",
          "nw": { "t": 6, "u": "u" },
          "ppuom": "0.292each",
          "img": "https://www.ocado.com/productImages/648/64863011_0_150x150.jpg"
        },
        "66275011": {
          "n": "Ocado Ripe & Ready Crownless Pineapple",
          "p": 0.99,
          "q": 1,
          "u": "u",
          "nw": { "t": 1, "u": "u" },
          "ppuom": null,
          "img": "https://www.ocado.com/productImages/662/66275011_0_150x150.jpg"
        },
        "92234011": {
          "n": "Pink Lady Kids Apples",
          "p": 3,
          "q": 1,
          "u": "u",
          "nw": { "t": 6, "u": "u" },
          "ppuom": "0.5each",
          "img": "https://www.ocado.com/productImages/922/92234011_0_150x150.jpg"
        },
        "93964011": {
          "n": "Wholegood Seasonal Organic Apples",
          "p": 2.7,
          "q": 1,
          "u": "u",
          "nw": { "t": 4, "u": "u" },
          "ppuom": "0.675each",
          "img": "https://www.ocado.com/productImages/939/93964011_0_150x150.jpg"
        },
        "201502011": {
          "n": "Ocado Organic Royal Gala Apples ",
          "p": 2.35,
          "q": 1,
          "u": "u",
          "nw": { "t": 6, "u": "u" },
          "ppuom": "0.392each",
          "img": "https://www.ocado.com/productImages/201/201502011_0_150x150.jpg"
        },
        "283877011": {
          "n": "Wholegood Organic Wonky Apples",
          "p": 2.45,
          "q": 1,
          "u": "u",
          "nw": { "t": 1000, "u": "g" },
          "ppuom": "2.45per kg",
          "img": "https://www.ocado.com/productImages/283/283877011_0_150x150.jpg"
        },
        "300921011": {
          "n": "Natoora Seasonally Selected British Apples",
          "p": 3.55,
          "q": 1,
          "u": "u",
          "nw": { "t": 5, "u": "u" },
          "ppuom": "0.71each",
          "img": "https://www.ocado.com/productImages/300/300921011_0_150x150.jpg"
        },
        "472868011": {
          "n": "Ocado Organic Braeburn Apples",
          "p": 2.85,
          "q": 1,
          "u": "u",
          "nw": { "t": 6, "u": "u" },
          "ppuom": "0.475each",
          "img": "https://www.ocado.com/productImages/472/472868011_0_150x150.jpg"
        },
        "473449011": {
          "n": "Small Jazz Apples ",
          "p": 3.2,
          "q": 1,
          "u": "u",
          "nw": { "t": 9, "u": "u" },
          "ppuom": "0.356each",
          "img": "https://www.ocado.com/productImages/473/473449011_0_150x150.jpg"
        },
        "507334011": {
          "n": "OrchardWorld British Apple Box",
          "p": 3,
          "q": 1,
          "u": "u",
          "nw": { "t": 8, "u": "u" },
          "ppuom": "0.375each",
          "img": "https://www.ocado.com/productImages/507/507334011_0_150x150.jpg"
        },
        "517823011": {
          "n": "M&S Mango, Pineapple & Melon Fingers",
          "p": 3.65,
          "q": 1,
          "u": "u",
          "nw": { "t": 300, "u": "g" },
          "ppuom": "12.17per kg",
          "img": "https://www.ocado.com/productImages/517/517823011_0_150x150.jpg"
        },
        "518212011": {
          "n": "M&S British Jazz Apples",
          "p": 2.5,
          "q": 1,
          "u": "u",
          "nw": { "t": 6, "u": "u" },
          "ppuom": "0.417each",
          "img": "https://www.ocado.com/productImages/518/518212011_0_150x150.jpg"
        },
        "518225011": {
          "n": "M&S British Jazz Apples",
          "p": 2.4,
          "q": 1,
          "u": "u",
          "nw": { "t": 4, "u": "u" },
          "ppuom": "0.6each",
          "img": "https://www.ocado.com/productImages/518/518225011_0_150x150.jpg"
        },
        "518226011": {
          "n": "M&S British Small Royal Gala Apples",
          "p": 1.8,
          "q": 1,
          "u": "u",
          "nw": { "t": 6, "u": "u" },
          "ppuom": "0.3each",
          "img": "https://www.ocado.com/productImages/518/518226011_0_150x150.jpg"
        },
        "518241011": {
          "n": "M&S Pineapple Perfectly Ripe",
          "p": 1.2,
          "q": 1,
          "u": "u",
          "nw": { "t": 1, "u": "u" },
          "img": "https://www.ocado.com/productImages/518/518241011_0_150x150.jpg"
        },
        "518242011": {
          "n": "M&S Pineapple Chunks",
          "p": 3.65,
          "q": 1,
          "u": "u",
          "nw": { "t": 350, "u": "g" },
          "ppuom": "10.43per kg",
          "img": "https://www.ocado.com/productImages/518/518242011_0_150x150.jpg"
        },
        "518257011": {
          "n": "M&S Pink Lady Apples",
          "p": 3,
          "q": 1,
          "u": "u",
          "nw": { "t": 6, "u": "u" },
          "ppuom": "0.5each",
          "img": "https://www.ocado.com/productImages/518/518257011_0_150x150.jpg"
        },
        "518265011": {
          "n": "M&S British Braeburn Apple",
          "p": 1.8,
          "q": 1,
          "u": "u",
          "nw": { "t": 6, "u": "u" },
          "ppuom": "0.3each",
          "img": "https://www.ocado.com/productImages/518/518265011_0_150x150.jpg"
        },
        "518279011": {
          "n": "M&S Red Delicious Apples",
          "p": 2,
          "q": 1,
          "u": "u",
          "nw": { "t": 4, "u": "u" },
          "ppuom": "0.5each",
          "img": "https://www.ocado.com/productImages/518/518279011_0_150x150.jpg"
        },
        "518281011": {
          "n": "M&S Granny Smith Apples",
          "p": 1.8,
          "q": 1,
          "u": "u",
          "nw": { "t": 4, "u": "u" },
          "ppuom": "0.45each",
          "img": "https://www.ocado.com/productImages/518/518281011_0_150x150.jpg"
        },
        "518306011": {
          "n": "M&S Pink Lady Apples",
          "p": 2.75,
          "q": 1,
          "u": "u",
          "nw": { "t": 4, "u": "u" },
          "ppuom": "0.688each",
          "img": "https://www.ocado.com/productImages/518/518306011_0_150x150.jpg"
        },
        "518321011": {
          "n": "M&S British Braeburn Apples",
          "p": 1.7,
          "q": 1,
          "u": "u",
          "nw": { "t": 4, "u": "u" },
          "ppuom": "0.425each",
          "img": "https://www.ocado.com/productImages/518/518321011_0_150x150.jpg"
        },
        "518328011": {
          "n": "M&S Pineapple Fingers",
          "p": 4.5,
          "q": 1,
          "u": "u",
          "nw": { "t": 600, "u": "g" },
          "ppuom": "7.5per kg",
          "img": "https://www.ocado.com/productImages/518/518328011_0_150x150.jpg"
        },
        "519313011": {
          "n": "M&S Pineapple, Melon & Grapes",
          "p": 2,
          "q": 1,
          "u": "u",
          "nw": { "t": 130, "u": "g" },
          "ppuom": "15.38per kg",
          "img": "https://www.ocado.com/productImages/519/519313011_0_150x150.jpg"
        },
        "520238011": {
          "n": "M&S Apple Slices & Peanut Butter Dip",
          "p": 2.3,
          "q": 1,
          "u": "u",
          "nw": { "t": 130, "u": "g" },
          "ppuom": "17.69per kg",
          "img": "https://www.ocado.com/productImages/520/520238011_0_150x150.jpg"
        },
        "520704011": {
          "n": "M&S British Royal Gala Apples",
          "p": 1.9,
          "q": 1,
          "u": "u",
          "nw": { "t": 4, "u": "u" },
          "ppuom": "0.475each",
          "img": "https://www.ocado.com/productImages/520/520704011_0_150x150.jpg"
        },
        "522438011": {
          "n": "M&S King Pineapple",
          "p": 2.25,
          "q": 1,
          "u": "u",
          "nw": { "t": 1, "u": "u" },
          "img": "https://www.ocado.com/productImages/522/522438011_0_150x150.jpg"
        },
        "523960011": {
          "n": "M&S Pink Lady Apple Slices",
          "p": 1.3,
          "q": 1,
          "u": "u",
          "nw": { "t": 90, "u": "g" },
          "ppuom": "14.44per kg",
          "img": "https://www.ocado.com/productImages/523/523960011_0_150x150.jpg"
        },
        "524013011": {
          "n": "M&S Organic Gala Apples",
          "p": 2.25,
          "q": 1,
          "u": "u",
          "nw": { "t": 4, "u": "u" },
          "ppuom": "0.563each",
          "img": "https://www.ocado.com/productImages/524/524013011_0_150x150.jpg"
        },
        "528063011": {
          "n": "M&S Envy Apples",
          "p": 2.25,
          "q": 1,
          "u": "u",
          "nw": { "t": 4, "u": "u" },
          "ppuom": "0.563each",
          "img": "https://www.ocado.com/productImages/528/528063011_0_150x150.jpg"
        },
        "528339011": {
          "n": "M&S Pink Lady Apple Slices",
          "p": 2,
          "q": 1,
          "u": "u",
          "nw": { "t": 225, "u": "g" },
          "ppuom": "8.89per kg",
          "img": "https://www.ocado.com/productImages/528/528339011_0_150x150.jpg"
        },
        "528758011": {
          "n": "M&S Granny Smith Apples",
          "p": 2,
          "q": 1,
          "u": "u",
          "nw": { "t": 7, "u": "u" },
          "ppuom": "0.286each",
          "img": "https://www.ocado.com/productImages/528/528758011_0_150x150.jpg"
        },
        "528759011": {
          "n": "M&S British Seasonal Apples",
          "p": 2,
          "q": 1,
          "u": "u",
          "nw": { "t": 6, "u": "u" },
          "ppuom": "0.333each",
          "img": "https://www.ocado.com/productImages/528/528759011_0_150x150.jpg"
        },
        "528762011": {
          "n": "M&S British Bramley Cooking Apples",
          "p": 2.5,
          "q": 1,
          "u": "u",
          "nw": { "t": 4, "u": "u" },
          "ppuom": "0.625each",
          "img": "https://www.ocado.com/productImages/528/528762011_0_150x150.jpg"
        },
        "528768011": {
          "n": "M&S Golden Delicious Apples",
          "p": 1.8,
          "q": 1,
          "u": "u",
          "nw": { "t": 4, "u": "u" },
          "ppuom": "0.45each",
          "img": "https://www.ocado.com/productImages/528/528768011_0_150x150.jpg"
        },
        "540935011": {
          "n": "M&S British Smitten Apples",
          "p": 2,
          "q": 1,
          "u": "u",
          "nw": { "t": 4, "u": "u" },
          "ppuom": "0.5each",
          "img": "https://www.ocado.com/productImages/540/540935011_0_150x150.jpg"
        },
        "543069011": {
          "n": "Ocado Organic Pink Lady Apples",
          "p": 3.75,
          "q": 1,
          "u": "u",
          "nw": { "t": 6, "u": "u" },
          "ppuom": "0.625each",
          "img": "https://www.ocado.com/productImages/543/543069011_0_150x150.jpg"
        },
        "558681011": {
          "n": "M&S British Mini Apples",
          "p": 1.25,
          "q": 1,
          "u": "u",
          "nw": { "t": 6, "u": "u" },
          "ppuom": "0.208each",
          "img": "https://www.ocado.com/productImages/558/558681011_0_150x150.jpg"
        },
        "561640011": {
          "n": "M&S Pineapple Chunks",
          "p": 1.75,
          "q": 1,
          "u": "u",
          "nw": { "t": 150, "u": "g" },
          "ppuom": "11.67per kg",
          "img": "https://www.ocado.com/productImages/561/561640011_0_150x150.jpg"
        },
        "588006011": {
          "n": "Ocado Organic Apples",
          "p": 3.5,
          "q": 1,
          "u": "u",
          "nw": { "t": 6, "u": "u" },
          "ppuom": "0.583each",
          "img": "https://www.ocado.com/productImages/588/588006011_0_150x150.jpg"
        },
        "597007011": {
          "n": "Ocado British Jazz Apples",
          "p": 2.35,
          "q": 1,
          "u": "u",
          "nw": { "t": 6, "u": "u" },
          "ppuom": "0.392each",
          "img": "https://www.ocado.com/productImages/597/597007011_0_150x150.jpg"
        },
        "600825011": {
          "n": "Ocado British Magic Star Apples",
          "p": 2.5,
          "q": 1,
          "u": "u",
          "nw": { "t": 4, "u": "u" },
          "ppuom": "0.625each",
          "img": "https://www.ocado.com/productImages/600/600825011_0_150x150.jpg"
        },
        "607603011": {
          "n": "M&S Pineapple Chunks",
          "p": 4.5,
          "q": 1,
          "u": "u",
          "nw": { "t": 600, "u": "g" },
          "ppuom": "0.75per 100g",
          "img": "https://www.ocado.com/productImages/607/607603011_0_150x150.jpg"
        },
        "609355011": {
          "n": "Cosmic Crisp Apples ",
          "p": 2.75,
          "q": 1,
          "u": "u",
          "nw": { "t": 4, "u": "u" },
          "ppuom": "0.688each",
          "img": "https://www.ocado.com/productImages/609/609355011_0_150x150.jpg"
        },
        "632514011": {
          "n": "M&S Sugar Loaf Pineapple",
          "p": 4,
          "q": 1,
          "u": "u",
          "nw": { "t": 300, "u": "g" },
          "ppuom": "1.33per 100g",
          "img": "https://www.ocado.com/productImages/632/632514011_0_150x150.jpg"
        },
        "634354011": {
          "n": "M&S Organic Pink Lady Apples",
          "p": 3.25,
          "q": 1,
          "u": "u",
          "nw": { "t": 4, "u": "u" },
          "ppuom": "0.813each",
          "img": "https://www.ocado.com/productImages/634/634354011_0_150x150.jpg"
        },
        "634894011": {
          "n": "M&S Collection Apples",
          "p": 2.4,
          "q": 1,
          "u": "u",
          "nw": { "t": 4, "u": "u" },
          "ppuom": "0.6each",
          "img": "https://www.ocado.com/productImages/634/634894011_0_150x150.jpg"
        },
        "634895011": {
          "n": "M&S Taste Buds Little Pink Lady Apples",
          "p": 1.9,
          "q": 1,
          "u": "u",
          "nw": { "t": 4, "u": "u" },
          "ppuom": "0.475each",
          "img": "https://www.ocado.com/productImages/634/634895011_0_150x150.jpg"
        },
        "648385011": {
          "n": "Disney Mini Apples",
          "p": 1.5,
          "q": 1,
          "u": "u",
          "nw": { "t": 6, "u": "u" },
          "ppuom": "0.25each",
          "img": "https://www.ocado.com/productImages/648/648385011_0_150x150.jpg"
        },
        "652202011": {
          "n": "RedPop Apples",
          "p": 2.5,
          "q": 1,
          "u": "u",
          "nw": { "t": 6, "u": "u" },
          "ppuom": "0.417each",
          "img": "https://www.ocado.com/productImages/652/652202011_0_150x150.jpg"
        },
        "654167011": {
          "n": "Giga Apples",
          "p": 2,
          "q": 1,
          "u": "u",
          "nw": { "t": 4, "u": "u" },
          "ppuom": "0.5each",
          "img": "https://www.ocado.com/productImages/654/654167011_0_150x150.jpg"
        },
        "656078011": {
          "n": "Red Pop Organic Apples",
          "p": 2.75,
          "q": 1,
          "u": "u",
          "nw": { "t": 4, "u": "u" },
          "ppuom": "0.688each",
          "img": "https://www.ocado.com/productImages/656/656078011_0_150x150.jpg"
        },
        "658652011": {
          "n": "Cosmic Crisp Organic Apples",
          "p": 2.3,
          "q": 1,
          "u": "u",
          "nw": { "t": 4, "u": "u" },
          "ppuom": "0.575each",
          "img": "https://www.ocado.com/productImages/658/658652011_0_150x150.jpg"
        }
      },
      "ms": {
        "108417271": {
          "n": "Morrisons Cox Apples",
          "p": 2,
          "q": 1,
          "u": "u",
          "nw": { "t": 6, "u": "u" },
          "ppuom": "0.33/each",
          "img": "https://groceries.morrisons.com/images-v3/4b85987b-1398-4173-a0c1-3546047c9d74/1e363486-5440-43fe-8ea6-7c3690bfe917/300x300.jpg"
        },
        "108418409": {
          "n": "Morrisons Pink Lady Apples",
          "p": 2.25,
          "q": 1,
          "u": "u",
          "nw": { "t": 4, "u": "u" },
          "ppuom": "0.56/each",
          "img": "https://groceries.morrisons.com/images-v3/4b85987b-1398-4173-a0c1-3546047c9d74/e837a1ee-5938-4a13-9b4c-8dbf8644d313/300x300.jpg"
        },
        "108501157": {
          "n": "Morrisons Snack Apple Bag ",
          "p": 0.6,
          "q": 1,
          "u": "u",
          "nw": { "t": 80, "u": "g" },
          "ppuom": "0.75/100gram",
          "img": "https://groceries.morrisons.com/images-v3/4b85987b-1398-4173-a0c1-3546047c9d74/f447b5fe-b263-46b2-8e08-5b4e87d260ec/300x300.jpg"
        },
        "108501202": {
          "n": "Morrisons Snack Apple & Grape Bag",
          "p": 0.6,
          "q": 1,
          "u": "u",
          "nw": { "t": 80, "u": "g" },
          "ppuom": "7.50/kg",
          "img": "https://groceries.morrisons.com/images-v3/4b85987b-1398-4173-a0c1-3546047c9d74/4a25db5c-343c-4482-a7d2-e233725c6407/300x300.jpg"
        },
        "108501819": {
          "n": "Morrisons Pineapple Snack Bag ",
          "p": 0.6,
          "q": 1,
          "u": "u",
          "nw": { "t": 70, "u": "g" },
          "ppuom": "0.86/100gram",
          "img": "https://groceries.morrisons.com/images-v3/4b85987b-1398-4173-a0c1-3546047c9d74/388a4ca3-a91a-4054-9ab2-dc5dafd374ed/300x300.jpg"
        },
        "108503831": {
          "n": "Morrisons Pineapple ",
          "p": 2.4,
          "q": 1,
          "u": "u",
          "nw": { "t": 300, "u": "g" },
          "ppuom": "0.80/100gram",
          "img": "https://groceries.morrisons.com/images-v3/4b85987b-1398-4173-a0c1-3546047c9d74/5888703e-f0a1-464f-9584-2c0cbc75715c/300x300.jpg"
        },
        "108504411": {
          "n": "Morrisons Pineapple   500g",
          "p": 3.2,
          "q": 1,
          "u": "u",
          "nw": { "t": 500, "u": "g" },
          "ppuom": "0.64/100gram",
          "img": "https://groceries.morrisons.com/images-v3/4b85987b-1398-4173-a0c1-3546047c9d74/d9ad6444-a902-49f8-933b-10fbcdffa0e6/300x300.jpg"
        },
        "108682621": {
          "n": "Morrisons Royal Gala Apples",
          "p": 1.89,
          "q": 1,
          "u": "u",
          "nw": { "t": 6, "u": "u" },
          "ppuom": "0.32/each",
          "img": "https://groceries.morrisons.com/images-v3/4b85987b-1398-4173-a0c1-3546047c9d74/c6ae94e5-2058-45a8-b6b6-8f0f8db37349/300x300.jpg"
        },
        "108682681": {
          "n": "Morrisons Braeburn Apples",
          "p": 1.7,
          "q": 1,
          "u": "u",
          "nw": { "t": 6, "u": "u" },
          "ppuom": "0.28/each",
          "img": "https://groceries.morrisons.com/images-v3/4b85987b-1398-4173-a0c1-3546047c9d74/789ef858-368e-4887-a9d6-0251db33d706/300x300.jpg"
        },
        "108682795": {
          "n": "Morrisons Granny Smith Apples",
          "p": 1.7,
          "q": 1,
          "u": "u",
          "nw": { "t": 6, "u": "u" },
          "ppuom": "0.28/each",
          "img": "https://groceries.morrisons.com/images-v3/4b85987b-1398-4173-a0c1-3546047c9d74/59d42a15-44fc-4e53-ac82-d9686b7dfae9/300x300.jpg"
        },
        "108682832": {
          "n": "Morrisons Golden Delicious Apples ",
          "p": 1.7,
          "q": 1,
          "u": "u",
          "nw": { "t": 6, "u": "u" },
          "ppuom": "0.28/each",
          "img": "https://groceries.morrisons.com/images-v3/4b85987b-1398-4173-a0c1-3546047c9d74/bb816426-4d0e-491c-af89-d8b912f938b3/300x300.jpg"
        },
        "108682947": {
          "n": "Morrisons Jazz Apple",
          "p": 2.25,
          "q": 1,
          "u": "u",
          "nw": { "t": 6, "u": "u" },
          "ppuom": "0.38/each",
          "img": "https://groceries.morrisons.com/images-v3/4b85987b-1398-4173-a0c1-3546047c9d74/5c30df92-c6d1-4a6c-89ee-b730b6538329/300x300.jpg"
        },
        "108683026": {
          "n": "Morrisons British Apples",
          "p": 2,
          "q": 1,
          "u": "u",
          "nw": { "t": 6, "u": "u" },
          "ppuom": "0.33/each",
          "img": "https://groceries.morrisons.com/images-v3/4b85987b-1398-4173-a0c1-3546047c9d74/f6022985-ba77-4a99-a929-38d74ab6881d/300x300.jpg"
        },
        "108861531": {
          "n": "Morrisons Wonky Apples Minimum",
          "p": 1.19,
          "q": 1,
          "u": "u",
          "nw": { "t": 4, "u": "u" },
          "ppuom": "0.30/each",
          "img": "https://groceries.morrisons.com/images-v3/4b85987b-1398-4173-a0c1-3546047c9d74/06970480-7cc1-4b60-b7fc-75002805e535/300x300.jpg"
        },
        "109861517": {
          "n": "Morrisons Market Street Loose Golden Delicious Apples",
          "p": 0.5,
          "q": 1,
          "u": "u",
          "nw": { "t": 1, "u": "u" },
          "ppuom": "0.50/each",
          "img": "https://groceries.morrisons.com/images-v3/4b85987b-1398-4173-a0c1-3546047c9d74/c26353d2-0209-4bfa-93e9-9124f6e89cca/300x300.jpg"
        },
        "109861576": {
          "n": "Morrisons Market Street Loose Granny Smith Apples",
          "p": 0.5,
          "q": 1,
          "u": "u",
          "nw": { "t": 1, "u": "u" },
          "ppuom": "0.50/each",
          "img": "https://groceries.morrisons.com/images-v3/4b85987b-1398-4173-a0c1-3546047c9d74/d09a7c21-66a9-4877-bf62-434c5f998b0d/300x300.jpg"
        },
        "109861605": {
          "n": "Morrisons Loose Braeburn Apples",
          "p": 0.5,
          "q": 1,
          "u": "u",
          "nw": { "t": 1, "u": "u" },
          "ppuom": "0.50/each",
          "img": "https://groceries.morrisons.com/images-v3/4b85987b-1398-4173-a0c1-3546047c9d74/5fd0f004-46b7-46cd-9f6a-bf28a0f1902d/300x300.jpg"
        },
        "109861752": {
          "n": "Morrisons Loose Royal Gala Apples",
          "p": 0.5,
          "q": 1,
          "u": "u",
          "nw": { "t": 1, "u": "u" },
          "ppuom": "0.50/each",
          "img": "https://groceries.morrisons.com/images-v3/4b85987b-1398-4173-a0c1-3546047c9d74/54ff4617-93e7-4e3a-b720-b1f12f420041/300x300.jpg"
        },
        "109861787": {
          "n": "Morrisons Loose Pink Lady Apple",
          "p": 0.5,
          "q": 1,
          "u": "u",
          "nw": { "t": 1, "u": "u" },
          "ppuom": "0.50/each",
          "img": "https://groceries.morrisons.com/images-v3/4b85987b-1398-4173-a0c1-3546047c9d74/a437aacc-9b6d-4e66-a6f9-ecca4c5a86ad/300x300.jpg"
        },
        "110221980": {
          "n": "Morrisons Strawberry, Mango, Raspberry & Apple ",
          "p": 2.4,
          "q": 1,
          "u": "u",
          "nw": { "t": 210, "u": "g" },
          "ppuom": "1.14/100gram",
          "img": "https://groceries.morrisons.com/images-v3/4b85987b-1398-4173-a0c1-3546047c9d74/8bc22ffc-cc77-44a9-894e-91da6509841b/300x300.jpg"
        },
        "110270984": {
          "n": "Morrisons Loose Cox Apple",
          "p": 0.5,
          "q": 1,
          "u": "u",
          "nw": { "t": 1, "u": "u" },
          "ppuom": "0.50/each",
          "img": "https://groceries.morrisons.com/images-v3/4b85987b-1398-4173-a0c1-3546047c9d74/94d844fd-aa0f-4ae0-852c-f091f6e1b8c1/300x300.jpg"
        },
        "110271012": {
          "n": "Morrisons Loose Russet Apple",
          "p": 0.5,
          "q": 1,
          "u": "u",
          "nw": { "t": 1, "u": "u" },
          "ppuom": "0.50/each",
          "img": "https://groceries.morrisons.com/images-v3/4b85987b-1398-4173-a0c1-3546047c9d74/6c7d5383-37bd-49a8-9abf-ab0fd726a39f/300x300.jpg"
        },
        "110271160": {
          "n": "Morrisons Bramley Apples (Min 3)",
          "p": 2.6,
          "q": 1,
          "u": "u",
          "nw": { "t": 3, "u": "u" },
          "ppuom": "0.87/each",
          "img": "https://groceries.morrisons.com/images-v3/4b85987b-1398-4173-a0c1-3546047c9d74/dea51344-e667-490a-a7ae-25134d509872/300x300.jpg"
        },
        "112775521": {
          "n": "Morrisons Pink Lady Apples ",
          "p": 2.8,
          "q": 1,
          "u": "u",
          "nw": { "t": 6, "u": "u" },
          "ppuom": "0.47/each",
          "img": "https://groceries.morrisons.com/images-v3/4b85987b-1398-4173-a0c1-3546047c9d74/c107463f-dd24-46e3-be39-b1860e80a4bd/300x300.jpg"
        },
        "113016965": {
          "n": "Fyffes Pineapple",
          "p": 0.98,
          "q": 1,
          "u": "u",
          "nw": { "t": 1, "u": "u" },
          "ppuom": "0.98/each",
          "img": "https://groceries.morrisons.com/images-v3/4b85987b-1398-4173-a0c1-3546047c9d74/76ca4fa9-f3ba-4eac-a113-e8108fa1dafa/300x300.jpg"
        },
        "113031081": {
          "n": "Morrisons Melon & Pineapple Platter",
          "p": 3.25,
          "q": 1,
          "u": "u",
          "nw": { "t": 550, "u": "g" },
          "ppuom": "0.59/100gram",
          "img": "https://groceries.morrisons.com/images-v3/4b85987b-1398-4173-a0c1-3546047c9d74/eff37b21-02ea-42ec-8004-02211a0b893b/300x300.jpg"
        },
        "113116712": {
          "n": "Fyffes Large Pineapple",
          "p": 1.6,
          "q": 1,
          "u": "u",
          "nw": { "t": 1, "u": "u" },
          "ppuom": "1.60/each",
          "img": "https://groceries.morrisons.com/images-v3/4b85987b-1398-4173-a0c1-3546047c9d74/288feaee-55b2-4119-9eb3-473e86a0b706/300x300.jpg"
        },
        "113308626": {
          "n": "Morrisons Apple, Grapes & Cheese",
          "p": 1.5,
          "q": 1,
          "u": "u",
          "nw": { "t": 150, "u": "g" },
          "ppuom": "1.00/100gram",
          "img": "https://groceries.morrisons.com/images-v3/4b85987b-1398-4173-a0c1-3546047c9d74/4e1333b6-6b70-40b9-a79d-f768c064b1d6/300x300.jpg"
        },
        "113348193": {
          "n": "Morrisons Apples 1.2kg",
          "p": 2.4,
          "q": 1,
          "u": "u",
          "nw": { "t": 1200, "u": "g" },
          "ppuom": "2.00/kg",
          "img": "https://groceries.morrisons.com/images-v3/4b85987b-1398-4173-a0c1-3546047c9d74/d9f8a46c-815b-4cd9-97ea-dbf7ed2335b4/300x300.jpg"
        },
        "113655265": {
          "n": "Organic Pink Lady Apples ",
          "p": 2.5,
          "q": 1,
          "u": "u",
          "nw": { "t": 4, "u": "u" },
          "ppuom": "0.63/each",
          "img": "https://groceries.morrisons.com/images-v3/4b85987b-1398-4173-a0c1-3546047c9d74/f6bbc343-8839-4cae-ab5d-cdd6893b0700/300x300.jpg"
        },
        "113655476": {
          "n": "Organic Gala Apples ",
          "p": 2.35,
          "q": 1,
          "u": "u",
          "nw": { "t": 6, "u": "u" },
          "ppuom": "0.39/each",
          "img": "https://groceries.morrisons.com/images-v3/4b85987b-1398-4173-a0c1-3546047c9d74/676bcd36-bdc9-4ed1-878c-8936d5e58d0e/300x300.jpg"
        },
        "113743003": {
          "n": "Cosmic Crisp Apples   4 pack",
          "p": 2.15,
          "q": 1,
          "u": "u",
          "nw": { "t": 4, "u": "u" },
          "ppuom": "0.54/each",
          "img": "https://groceries.morrisons.com/images-v3/4b85987b-1398-4173-a0c1-3546047c9d74/3ba66577-38bb-453d-b294-3d261f4ef2cf/300x300.jpg"
        },
        "114141055": {
          "n": "Morrisons Dried Pineapple ",
          "p": 3.2,
          "q": 1,
          "u": "u",
          "nw": { "t": 200, "u": "g" },
          "ppuom": "1.60/100gram",
          "img": "https://groceries.morrisons.com/images-v3/4b85987b-1398-4173-a0c1-3546047c9d74/409828bb-a0ea-4774-9341-88458514376b/300x300.jpg"
        },
        "114148062": {
          "n": "Organic British Apples ",
          "p": 2.4,
          "q": 1,
          "u": "u",
          "nw": { "t": 6, "u": "u" },
          "ppuom": "0.40/each",
          "img": "https://groceries.morrisons.com/images-v3/4b85987b-1398-4173-a0c1-3546047c9d74/f986a6e6-39fb-489e-8c15-1a4ffb34609d/300x300.jpg"
        },
        "114557641": {
          "n": "Morrisons Small Apples ",
          "p": 0.99,
          "q": 1,
          "u": "u",
          "nw": { "t": 6, "u": "u" },
          "ppuom": "0.17/each",
          "img": "https://groceries.morrisons.com/images-v3/4b85987b-1398-4173-a0c1-3546047c9d74/285dd66c-608c-4bcb-b6d4-9e55da1d434c/300x300.jpg"
        },
        "114570802": {
          "n": "Morrisons Pineapple   145g",
          "p": 1.35,
          "q": 1,
          "u": "u",
          "nw": { "t": 145, "u": "g" },
          "ppuom": "0.93/100gram",
          "img": "https://groceries.morrisons.com/images-v3/4b85987b-1398-4173-a0c1-3546047c9d74/16aead15-4e6b-4c07-a4a8-36b216c98c0b/300x300.jpg"
        },
        "114572146": {
          "n": "Morrisons Pink Lady Apple Slices 350g",
          "p": 2.6,
          "q": 1,
          "u": "u",
          "nw": { "t": 350, "u": "g" },
          "ppuom": "0.74/100gram",
          "img": "https://groceries.morrisons.com/images-v3/4b85987b-1398-4173-a0c1-3546047c9d74/b21cd6af-aa6c-4c38-9811-46dec0eda0f3/300x300.jpg"
        },
        "114616225": {
          "n": "Morrisons Melon, Pineapple & Mango Fingers   240g",
          "p": 2.4,
          "q": 1,
          "u": "u",
          "nw": { "t": 240, "u": "g" },
          "ppuom": "1.00/100gram",
          "img": "https://groceries.morrisons.com/images-v3/4b85987b-1398-4173-a0c1-3546047c9d74/4b68dd15-a81c-4a8e-997b-8254388c16e8/300x300.jpg"
        },
        "114789206": {
          "n": "Jazz Juniors Apples   6 pack",
          "p": 1.8,
          "q": 1,
          "u": "u",
          "nw": { "t": 6, "u": "u" },
          "ppuom": "0.30/each",
          "img": "https://groceries.morrisons.com/images-v3/4b85987b-1398-4173-a0c1-3546047c9d74/67be43f1-e4b0-4a28-b727-15aa93842fd6/300x300.jpg"
        },
        "115054017": {
          "n": "Morrisons Giga Apples 4 Pack",
          "p": 2.15,
          "q": 1,
          "u": "u",
          "nw": { "t": 4, "u": "u" },
          "ppuom": "0.54/each",
          "img": "https://groceries.morrisons.com/images-v3/4b85987b-1398-4173-a0c1-3546047c9d74/fb2cbbdf-804b-472e-9eeb-c96599aa32ba/300x300.jpg"
        },
        "115105398": {
          "n": "Morrisons Apples ",
          "p": 3,
          "q": 1,
          "u": "u",
          "nw": { "t": 2000, "u": "g" },
          "ppuom": "1.50/kg",
          "img": "https://groceries.morrisons.com/images-v3/4b85987b-1398-4173-a0c1-3546047c9d74/107cf72a-7a4e-4eb4-8356-d5d7a5fc4f5c/300x300.jpg"
        }
      }
    },
    "apricot": {
      "as": {
        "910000326695": {
          "n": "ASDA Grower's Selection Apricots",
          "p": 1.98,
          "u": "Each",
          "nw": { "t": 320, "u": "g" },
          "ppuom": "£6.19/kg",
          "img": "https://ui.assets-asda.com:443/dm/5051413968659"
        },
        "1000375030367": {
          "n": "ASDA Apricots 200g",
          "p": 1.67,
          "u": "Each",
          "nw": { "t": 200, "u": "g" },
          "ppuom": "83.5p/100g",
          "img": "https://ui.assets-asda.com:443/dm/5057172859849"
        }
      },
      "tc": {
        "258057537": {
          "n": "Tesco Soft Apricots 250G",
          "p": 2.25,
          "q": 1,
          "u": "u",
          "nw": { "t": 250, "u": "g" },
          "ppuom": "£9.00/kg",
          "img": "https://digitalcontent.api.tesco.com/v2/media/ghs/a1b99f55-53a1-4daf-b024-bd9abdc79fe9/6c95790b-38e6-41cf-827d-ca201ad014c8.jpeg?h=225&w=225"
        },
        "279233078": {
          "n": "Tesco Apricots 320G",
          "p": 2,
          "q": 1,
          "u": "u",
          "nw": { "t": 320, "u": "g" },
          "ppuom": "£6.25/kg",
          "img": "https://digitalcontent.api.tesco.com/v2/media/ghs/f7d9f92c-43e4-4364-81a0-3e17ea86f451/7db23b46-2f98-46f4-a055-2dd03c9aba72.jpeg?h=225&w=225"
        },
        "302685781": {
          "n": "Tesco Snack Pack Soft Apricots 50G",
          "p": 1.15,
          "q": 1,
          "u": "u",
          "nw": { "t": 50, "u": "g" },
          "ppuom": "£23.00/kg",
          "img": "https://digitalcontent.api.tesco.com/v2/media/ghs/46d40184-fbfc-42cc-b31f-3542a2009531/bfc30c47-4975-44ba-a390-6db44b9591ce_732102071.jpeg?h=225&w=225"
        }
      },
      "oc": {
        "74103011": {
          "n": "Natoora Fresh Apricots",
          "p": 4.5,
          "q": 1,
          "u": "u",
          "nw": { "t": 300, "u": "g" },
          "ppuom": "15per kg",
          "img": "https://www.ocado.com/productImages/741/74103011_0_150x150.jpg"
        },
        "86348011": {
          "n": "Crazy Jack Organic Dried Apricots",
          "p": 4.65,
          "q": 1,
          "u": "u",
          "nw": { "t": 250, "u": "g" },
          "ppuom": "1.86per 100g",
          "img": "https://www.ocado.com/productImages/863/86348011_0_150x150.jpg"
        },
        "510996011": {
          "n": "M&S Dried Soft Apricots",
          "p": 2.5,
          "q": 1,
          "u": "u",
          "nw": { "t": 200, "u": "g" },
          "ppuom": "1.25per 100g",
          "img": "https://www.ocado.com/productImages/510/510996011_0_150x150.jpg"
        },
        "510999011": {
          "n": "M&S Dried Soft Apricots",
          "p": 4.25,
          "q": 1,
          "u": "u",
          "nw": { "t": 400, "u": "g" },
          "ppuom": "1.06per 100g",
          "img": "https://www.ocado.com/productImages/510/510999011_0_150x150.jpg"
        }
      },
      "ms": {
        "105641656": {
          "n": "Morrisons Wholefoods Ready To Eat Apricots",
          "p": 4,
          "q": 1,
          "u": "u",
          "nw": { "t": 500, "u": "g" },
          "ppuom": "0.80/100gram",
          "img": "https://groceries.morrisons.com/images-v3/4b85987b-1398-4173-a0c1-3546047c9d74/c5fb334b-1234-49df-b6d6-a41bad79cdc8/300x300.jpg"
        },
        "106938654": {
          "n": "Morrisons Dried Soft Apricots ",
          "p": 2.25,
          "q": 1,
          "u": "u",
          "nw": { "t": 250, "u": "g" },
          "ppuom": "0.90/100gram",
          "img": "https://groceries.morrisons.com/images-v3/4b85987b-1398-4173-a0c1-3546047c9d74/70da272c-39b1-4e71-b1f7-e56aadfcefb1/300x300.jpg"
        },
        "114130807": {
          "n": "Morrisons Dried Apricots ",
          "p": 1,
          "q": 1,
          "u": "u",
          "nw": { "t": 50, "u": "g" },
          "ppuom": "20.00/kg",
          "img": "https://groceries.morrisons.com/images-v3/4b85987b-1398-4173-a0c1-3546047c9d74/8994ec94-903a-4c4c-8f5e-33d3edaeb4bc/300x300.jpg"
        }
      }
    },
    "banana": {
      "al": {
        "000000000000267180": {
          "n": "Bananas",
          "p": 0.78,
          "q": 1,
          "u": "pac",
          "nw": { "t": 5, "u": "u" },
          "img": "https://dm.emea.cms.aldi.cx/is/image/aldiprodeu/product/jpg/scaleWidth/300/0b42e66b-6944-462e-ba5f-e1aaad9cd808/{slug}"
        },
        "000000000000267186": {
          "n": "Banana",
          "p": 0.16,
          "q": 1,
          "u": "ea",
          "nw": { "t": 1, "u": "u" },
          "img": "https://dm.emea.cms.aldi.cx/is/image/aldiprodeu/product/jpg/scaleWidth/300/d76dff17-6329-4207-9693-cdbbc26c07e8/{slug}"
        },
        "000000000000267191": {
          "n": "Fairtrade Bananas",
          "p": 0.99,
          "q": 1,
          "u": "pac",
          "nw": { "t": 6, "u": "u" },
          "img": "https://dm.emea.cms.aldi.cx/is/image/aldiprodeu/product/jpg/scaleWidth/300/fec23ff9-f001-4df2-bf90-179d53e714f6/{slug}"
        },
        "000000000000267193": {
          "n": "Mini Bananas",
          "p": 0.88,
          "q": 1,
          "u": "pac",
          "nw": { "t": 7, "u": "u" },
          "img": "https://dm.emea.cms.aldi.cx/is/image/aldiprodeu/product/jpg/scaleWidth/300/5d480a67-fdba-4754-9912-22e3867fdd4b/{slug}"
        }
      },
      "as": {
        "1000383217998": {
          "n": "ASDA 6 Sweet & Creamy Bananas",
          "p": 0.94,
          "u": "Each",
          "nw": { "t": 6, "u": "u" },
          "ppuom": "15.7p/each",
          "img": "https://ui.assets-asda.com:443/dm/5063089466438"
        },
        "1000383217988": {
          "n": "ASDA Garden Gang 7 Brilliant Bananas (Colour may vary)",
          "p": 0.88,
          "u": "Each",
          "nw": { "t": 7, "u": "u" },
          "ppuom": "12.6p/each",
          "img": "https://ui.assets-asda.com:443/dm/5063089466445"
        },
        "1000375279839": {
          "n": "ASDA Banana Chips 75g",
          "p": 0.98,
          "u": "Each",
          "nw": { "t": 75, "u": "g" },
          "ppuom": "£1.31/100g",
          "img": "https://ui.assets-asda.com:443/dm/5054781718499"
        },
        "1000128213094": {
          "n": "ASDA Organic 5 Fairtrade Bananas",
          "p": 1.38,
          "u": "Each",
          "nw": { "t": 5, "u": "u" },
          "ppuom": "27.6p/each",
          "img": "https://ui.assets-asda.com:443/dm/5057172029457"
        }
      },
      "tc": {
        "266419328": {
          "n": "Tesco Ripe Bananas 5 Pack",
          "p": 0.78,
          "q": 1,
          "u": "u",
          "nw": { "t": 5, "u": "u" },
          "ppuom": "£0.16/each",
          "img": "https://digitalcontent.api.tesco.com/v2/media/ghs/36ce5f59-28fb-4ec2-92ea-44013393e6fb/b780349f-8f95-48f1-9e5d-095fdbce1de9.jpeg?h=225&w=225"
        },
        "266420677": {
          "n": "Tesco Ripen At Home Bananas 5 Pack",
          "p": 0.78,
          "q": 1,
          "u": "u",
          "nw": { "t": 5, "u": "u" },
          "ppuom": "£0.16/each",
          "img": "https://digitalcontent.api.tesco.com/v2/media/ghs/1adda17c-d122-4dec-bafe-07e2df37a9bf/a634657b-326d-4248-b09b-e14f04a58bb9.jpeg?h=225&w=225"
        },
        "275280804": {
          "n": "Tesco Bananas Loose",
          "p": 0.16,
          "q": 1,
          "u": "u",
          "nw": { "t": 177.77777777777777, "u": "g" },
          "ppuom": "£0.90/kg",
          "img": "https://digitalcontent.api.tesco.com/v2/media/ghs/c41bb276-be81-4df7-9401-447de729005a/93b0e73c-cfad-4a88-991b-d6dd6bd7d1a8.jpeg?h=225&w=225"
        },
        "285157326": {
          "n": "Tesco Small Bananas 6 Pack",
          "p": 0.75,
          "q": 1,
          "u": "u",
          "nw": { "t": 6, "u": "u" },
          "ppuom": "£0.12/each",
          "img": "https://digitalcontent.api.tesco.com/v2/media/ghs/7e19da50-f67a-462e-b09a-c9ea74ffd954/d6ea331e-07c7-4e7a-a3fd-f9abb83a392a.jpeg?h=225&w=225"
        },
        "303869954": {
          "n": "Tesco Fairtrade Organic Bananas 5 Pack",
          "p": 1.5,
          "q": 1,
          "u": "u",
          "nw": { "t": 5, "u": "u" },
          "ppuom": "£0.30/each",
          "img": "https://digitalcontent.api.tesco.com/v2/media/ghs/5c6b8de5-90f7-4c17-b3db-a01ef038d1fd/494c4c4e-1800-4c19-815e-d6cb1f4f6e44_230375135.jpeg?h=225&w=225"
        }
      },
      "oc": {
        "44855011": {
          "n": "Ocado Rainforest Alliance Bananas",
          "p": 0.95,
          "q": 1,
          "u": "u",
          "nw": { "t": 5, "u": "u" },
          "ppuom": "0.19each",
          "img": "https://www.ocado.com/productImages/448/44855011_0_150x150.jpg"
        },
        "227255011": {
          "n": "Ocado Rainforest Alliance Ripen at Home Bananas",
          "p": 1,
          "q": 1,
          "u": "u",
          "nw": { "t": 5, "u": "u" },
          "ppuom": "0.2each",
          "img": "https://www.ocado.com/productImages/227/227255011_0_150x150.jpg"
        },
        "309396011": {
          "n": "Ocado Organic Fairtrade Bananas",
          "p": 1.8,
          "q": 1,
          "u": "u",
          "nw": { "t": 6, "u": "u" },
          "ppuom": "0.3each",
          "img": "https://www.ocado.com/productImages/309/309396011_0_150x150.jpg"
        },
        "514171011": {
          "n": "M&S Organic Fairtrade Bananas",
          "p": 1.6,
          "q": 1,
          "u": "u",
          "nw": { "t": 5, "u": "u" },
          "ppuom": "0.32each",
          "img": "https://www.ocado.com/productImages/514/514171011_0_150x150.jpg"
        },
        "579993011": {
          "n": "Fyffes Rainforest Alliance Bananas",
          "p": 0.8,
          "q": 1,
          "u": "u",
          "nw": { "t": 5, "u": "u" },
          "ppuom": "0.16each",
          "img": "https://www.ocado.com/productImages/579/579993011_0_150x150.jpg"
        },
        "620106011": {
          "n": "M&S Rainforest Alliance Small Bananas",
          "p": 1,
          "q": 1,
          "u": "u",
          "nw": { "t": 5, "u": "u" },
          "ppuom": "0.2each",
          "img": "https://www.ocado.com/productImages/620/620106011_0_150x150.jpg"
        }
      },
      "ms": {
        "108491948": {
          "n": "Morrisons Loose Banana",
          "p": 0.19,
          "q": 1,
          "u": "u",
          "nw": { "t": 0.19, "u": "KG" },
          "ppuom": "0.99/kg",
          "img": "https://groceries.morrisons.com/images-v3/4b85987b-1398-4173-a0c1-3546047c9d74/4bb98cbc-e42e-4881-8941-ee807bc7f8e5/300x300.jpg"
        },
        "110378231": {
          "n": "Morrisons Ripe & Ready Bananas   5 Pack",
          "p": 0.78,
          "q": 1,
          "u": "u",
          "nw": { "t": 5, "u": "u" },
          "ppuom": "0.16/each",
          "img": "https://groceries.morrisons.com/images-v3/4b85987b-1398-4173-a0c1-3546047c9d74/1b1daf7a-6426-407e-b1ab-a9dce26d200d/300x300.jpg"
        },
        "110378291": {
          "n": "Morrisons Organic Fairtrade Bananas ",
          "p": 1.5,
          "q": 1,
          "u": "u",
          "nw": { "t": 5, "u": "u" },
          "ppuom": "0.30/each",
          "img": "https://groceries.morrisons.com/images-v3/4b85987b-1398-4173-a0c1-3546047c9d74/a941dff0-ff7b-42e3-b239-6606de20a9d8/300x300.jpg"
        },
        "111388415": {
          "n": "Morrisons Snack Size Bananas",
          "p": 0.75,
          "q": 1,
          "u": "u",
          "nw": { "t": 6, "u": "u" },
          "ppuom": "0.13/each",
          "img": "https://groceries.morrisons.com/images-v3/4b85987b-1398-4173-a0c1-3546047c9d74/cf1f7f74-a59b-4c73-8189-f39a56549083/300x300.jpg"
        },
        "113997003": {
          "n": "Morrisons Fyffes Premium Bananas Ripen At Home ",
          "p": 1.48,
          "q": 1,
          "u": "u",
          "nw": { "t": 8, "u": "u" },
          "ppuom": "0.19/each",
          "img": "https://groceries.morrisons.com/images-v3/4b85987b-1398-4173-a0c1-3546047c9d74/ef077d0e-fb84-4ee5-9ceb-e0dd4c9aa1a7/300x300.jpg"
        },
        "114142314": {
          "n": "Morrisons Dried Banana Chips ",
          "p": 2,
          "q": 1,
          "u": "u",
          "nw": { "t": 200, "u": "g" },
          "ppuom": "1.00/100gram",
          "img": "https://groceries.morrisons.com/images-v3/4b85987b-1398-4173-a0c1-3546047c9d74/520f85ab-095f-4d3d-aaee-9b35e04d7828/300x300.jpg"
        }
      }
    },
    "blueberries": {
      "al": {
        "000000000000276890": {
          "n": "Blueberries",
          "p": 1.79,
          "q": 1,
          "u": "pac",
          "nw": { "t": 150, "u": "g" },
          "img": "https://dm.emea.cms.aldi.cx/is/image/aldiprodeu/product/jpg/scaleWidth/300/7a7cbaa4-8368-4810-b110-f1b717ada554/{slug}"
        },
        "000000000000276894": {
          "n": "Wonky Blueberries",
          "p": 1.09,
          "q": 1,
          "u": "pac",
          "nw": { "t": 125, "u": "g" },
          "img": "https://dm.emea.cms.aldi.cx/is/image/aldiprodeu/product/jpg/scaleWidth/300/6fef5c20-6326-4b56-a20b-f53b886d9366/{slug}"
        },
        "000000000000478886": {
          "n": "Blueberries",
          "p": 2.89,
          "q": 1,
          "u": "ea",
          "nw": { "t": 250, "u": "g" },
          "img": "https://dm.emea.cms.aldi.cx/is/image/aldiprodeu/product/jpg/scaleWidth/300/8333722d-3ab9-48cf-a9dd-d61c490b6780/{slug}"
        }
      },
      "as": {
        "1000233767295": {
          "n": "ASDA Sweet & Bursting Blueberries 300g",
          "p": 2.68,
          "u": "Each",
          "nw": { "t": 300, "u": "g" },
          "ppuom": "£8.93/kg",
          "img": "https://ui.assets-asda.com:443/dm/5057172445325"
        },
        "910003101794": {
          "n": "ASDA Organic Blueberries",
          "p": 2.36,
          "u": "Each",
          "nw": { "t": 125, "u": "g" },
          "ppuom": "£18.88/kg",
          "img": "https://ui.assets-asda.com:443/dm/5054781593515"
        },
        "1000163540637": {
          "n": "ASDA Sweet & Bursting Blueberries 500g",
          "p": 4.32,
          "u": "Each",
          "nw": { "t": 500, "u": "g" },
          "ppuom": "£8.64/kg",
          "img": "https://ui.assets-asda.com:443/dm/5057172015320"
        }
      },
      "tc": {
        "256991482": {
          "n": "Tesco Organic Blueberries 150G",
          "p": 2.85,
          "q": 1,
          "u": "u",
          "nw": { "t": 150, "u": "g" },
          "ppuom": "£19.00/kg",
          "img": "https://digitalcontent.api.tesco.com/v2/media/ghs/72c800d5-d5e0-431f-a37b-57c7c6c5a917/e7d16cfb-6d95-4bbd-910f-6b1761f8593a.jpeg?h=225&w=225"
        },
        "268412616": {
          "n": "Tesco Finest Blueberries 150G",
          "p": 2,
          "q": 1,
          "u": "u",
          "nw": { "t": 150, "u": "g" },
          "ppuom": "£13.33/kg",
          "img": "https://digitalcontent.api.tesco.com/v2/media/ghs/885bead9-dd48-4cca-b644-73238491d42f/9538973e-dcc3-471a-8bbb-d4af82ce4bce.jpeg?h=225&w=225"
        },
        "287356888": {
          "n": "Tesco Blueberries 150G",
          "p": 1.9,
          "q": 1,
          "u": "u",
          "nw": { "t": 150, "u": "g" },
          "ppuom": "£12.67/kg",
          "img": "https://digitalcontent.api.tesco.com/v2/media/ghs/4c905f7d-a1ec-42b4-8768-c53b33afcbd5/ed900b9f-69a5-415f-b3ac-2e8b42084f5c.jpeg?h=225&w=225"
        },
        "287357000": {
          "n": "Tesco Blueberries 250G",
          "p": 2.45,
          "q": 1,
          "u": "u",
          "nw": { "t": 250, "u": "g" },
          "ppuom": "£9.80/kg",
          "img": "https://digitalcontent.api.tesco.com/v2/media/ghs/afc3be36-26a2-4c43-99eb-89c8230f0a94/74b17f6c-5142-4cc3-9205-cc0b5476e17f.jpeg?h=225&w=225"
        },
        "292248675": {
          "n": "Rosedene Farms Blueberries 150G",
          "p": 1.35,
          "q": 1,
          "u": "u",
          "nw": { "t": 150, "u": "g" },
          "ppuom": "£9.00/kg",
          "img": "https://digitalcontent.api.tesco.com/v2/media/ghs/c327c7d2-a0e3-4a64-b2a2-dce45907c81c/b56b44c7-8fd1-4941-9f9c-19952cc0508c.jpeg?h=225&w=225"
        },
        "305977327": {
          "n": "Tesco Raspberries & Blueberries 200G",
          "p": 2.85,
          "q": 1,
          "u": "u",
          "nw": { "t": 200, "u": "g" },
          "ppuom": "£14.25/kg",
          "img": "https://digitalcontent.api.tesco.com/v2/media/ghs/a9cea811-cc07-417b-8e14-d012faec9ab8/5acc305b-7a71-471f-95b8-dc536a4906ca.jpeg?h=225&w=225"
        }
      },
      "oc": {
        "53687011": {
          "n": "Ocado Blueberries",
          "p": 1.9,
          "q": 1,
          "u": "u",
          "nw": { "t": 150, "u": "g" },
          "ppuom": "12.67per kg",
          "img": "https://www.ocado.com/productImages/536/53687011_0_150x150.jpg"
        },
        "59009011": {
          "n": "Ocado Blueberries",
          "p": 2.65,
          "q": 1,
          "u": "u",
          "nw": { "t": 250, "u": "g" },
          "ppuom": "10.6per kg",
          "img": "https://www.ocado.com/productImages/590/59009011_0_150x150.jpg"
        },
        "91089011": {
          "n": "Ocado Organic Blueberries",
          "p": 2.85,
          "q": 1,
          "u": "u",
          "nw": { "t": 150, "u": "g" },
          "ppuom": "19per kg",
          "img": "https://www.ocado.com/productImages/910/91089011_0_150x150.jpg"
        },
        "298699011": {
          "n": "BerryWorld Blueberries",
          "p": 3,
          "q": 1,
          "u": "u",
          "nw": { "t": 150, "u": "g" },
          "ppuom": "2per 100g",
          "img": "https://www.ocado.com/productImages/298/298699011_0_150x150.jpg"
        },
        "517850011": {
          "n": "M&S Organic Blueberries",
          "p": 3,
          "q": 1,
          "u": "u",
          "nw": { "t": 150, "u": "g" },
          "ppuom": "20per kg",
          "img": "https://www.ocado.com/productImages/517/517850011_0_150x150.jpg"
        },
        "517924011": {
          "n": "BerryWorld Blueberries",
          "p": 5.5,
          "q": 1,
          "u": "u",
          "nw": { "t": 400, "u": "g" },
          "ppuom": "13.75per kg",
          "img": "https://www.ocado.com/productImages/517/517924011_0_150x150.jpg"
        },
        "517970011": {
          "n": "M&S Blueberries Family Pack",
          "p": 3.9,
          "q": 1,
          "u": "u",
          "nw": { "t": 300, "u": "g" },
          "ppuom": "13per kg",
          "img": "https://www.ocado.com/productImages/517/517970011_0_150x150.jpg"
        },
        "518264011": {
          "n": "M&S Blueberries",
          "p": 2.5,
          "q": 1,
          "u": "u",
          "nw": { "t": 150, "u": "g" },
          "ppuom": "16.67per kg",
          "img": "https://www.ocado.com/productImages/518/518264011_0_150x150.jpg"
        },
        "519927011": {
          "n": "M&S Collection Blueberries",
          "p": 3,
          "q": 1,
          "u": "u",
          "nw": { "t": 180, "u": "g" },
          "ppuom": "16.67per kg",
          "img": "https://www.ocado.com/productImages/519/519927011_0_150x150.jpg"
        }
      },
      "ms": {
        "108472966": {
          "n": "Morrisons Blueberries    150g",
          "p": 2,
          "q": 1,
          "u": "u",
          "nw": { "t": 150, "u": "g" },
          "ppuom": "13.33/kg",
          "img": "https://groceries.morrisons.com/images-v3/4b85987b-1398-4173-a0c1-3546047c9d74/263686cd-b355-489e-8a81-6220054669ab/300x300.jpg"
        },
        "108890797": {
          "n": "Morrisons Blueberries 300g",
          "p": 2.95,
          "q": 1,
          "u": "u",
          "nw": { "t": 300, "u": "g" },
          "ppuom": "9.83/kg",
          "img": "https://groceries.morrisons.com/images-v3/4b85987b-1398-4173-a0c1-3546047c9d74/ca867f1c-2325-4848-ae64-90b474e65ada/300x300.jpg"
        },
        "108952610": {
          "n": "Morrisons The Best Blueberries",
          "p": 2.5,
          "q": 1,
          "u": "u",
          "nw": { "t": 150, "u": "g" },
          "ppuom": "16.67/kg",
          "img": "https://groceries.morrisons.com/images-v3/4b85987b-1398-4173-a0c1-3546047c9d74/49a20005-127c-4449-a995-f448622aa316/300x300.jpg"
        },
        "111748687": {
          "n": "Morrisons  Blueberries ",
          "p": 4.25,
          "q": 1,
          "u": "u",
          "nw": { "t": 450, "u": "g" },
          "ppuom": "9.44/kg",
          "img": "https://groceries.morrisons.com/images-v3/4b85987b-1398-4173-a0c1-3546047c9d74/17c28523-e432-4941-9038-5db29c870746/300x300.jpg"
        },
        "112788111": {
          "n": "Morrisons Organic Blueberries ",
          "p": 2.35,
          "q": 1,
          "u": "u",
          "nw": { "t": 125, "u": "g" },
          "ppuom": "18.80/kg",
          "img": "https://groceries.morrisons.com/images-v3/4b85987b-1398-4173-a0c1-3546047c9d74/3102467b-83e8-47ae-adcd-fa37e51fd175/300x300.jpg"
        },
        "113455600": {
          "n": "Morrisons Savers Blueberries ",
          "p": 1.29,
          "q": 1,
          "u": "u",
          "nw": { "t": 125, "u": "g" },
          "ppuom": "10.32/kg",
          "img": "https://groceries.morrisons.com/images-v3/4b85987b-1398-4173-a0c1-3546047c9d74/23ca369c-8e13-4656-8a3b-54d31c930e0e/300x300.jpg"
        },
        "114477771": {
          "n": "Driscoll's Blueberries   170g",
          "p": 2.75,
          "q": 1,
          "u": "u",
          "nw": { "t": 170, "u": "g" },
          "ppuom": "16.18/kg",
          "img": "https://groceries.morrisons.com/images-v3/4b85987b-1398-4173-a0c1-3546047c9d74/a167d5e4-344e-4de7-9eb7-c0a4062bef9a/300x300.jpg"
        }
      }
    },
    "cherries": {
      "as": {
        "1000373536205": {
          "n": "ASDA Raisins, Berries & Cherries 250g",
          "p": 1.98,
          "u": "Each",
          "nw": { "t": 250, "u": "g" },
          "ppuom": "79.2p/100g",
          "img": "https://ui.assets-asda.com:443/dm/5057172859504"
        }
      },
      "tc": {
        "266291241": {
          "n": "Tesco Cherries Punnet 200G",
          "p": 2.4,
          "q": 1,
          "u": "u",
          "nw": { "t": 200, "u": "g" },
          "ppuom": "£12.00/kg",
          "img": "https://digitalcontent.api.tesco.com/v2/media/ghs/70c0f474-726a-4fb5-a743-47a69e2585cc/1c0278bc-2de5-49d8-978b-9d16264c8df1.jpeg?h=225&w=225"
        },
        "311435350": {
          "n": "Tesco King Cherries 300G",
          "p": 3.8,
          "q": 1,
          "u": "u",
          "nw": { "t": 300, "u": "g" },
          "ppuom": "£12.67/kg",
          "img": "https://digitalcontent.api.tesco.com/v2/media/ghs/67db704a-ec0a-4bcd-8ca8-b19848825850/e8ef4762-6b96-4bf1-90a7-e8a56911f2cc.jpeg?h=225&w=225"
        }
      },
      "oc": {
        "66629011": {
          "n": "Ocado Cherries",
          "p": 3,
          "q": 1,
          "u": "u",
          "nw": { "t": 200, "u": "g" },
          "ppuom": "15per kg",
          "img": "https://www.ocado.com/productImages/666/66629011_0_150x150.jpg"
        },
        "70986011": {
          "n": "Ocado Cherries",
          "p": 4.5,
          "q": 1,
          "u": "u",
          "nw": { "t": 400, "u": "g" },
          "ppuom": "11.25per kg",
          "img": "https://www.ocado.com/productImages/709/70986011_0_150x150.jpg"
        }
      },
      "ms": {
        "108314950": {
          "n": "Morrisons Cherries",
          "p": 2.5,
          "q": 1,
          "u": "u",
          "nw": { "t": 200, "u": "g" },
          "ppuom": "12.50/kg",
          "img": "https://groceries.morrisons.com/images-v3/4b85987b-1398-4173-a0c1-3546047c9d74/a6b3cba5-6267-4e42-b70b-c6fb194f0306/300x300.jpg"
        },
        "115124855": {
          "n": "Morrisons Cherries ",
          "p": 3.5,
          "q": 1,
          "u": "u",
          "nw": { "t": 150, "u": "g" },
          "ppuom": "2.33/100gram",
          "img": "https://groceries.morrisons.com/images-v3/4b85987b-1398-4173-a0c1-3546047c9d74/d8ae8332-323c-4222-9009-d27b54789dc0/300x300.jpg"
        }
      }
    },
    "berries": {
      "al": {
        "000000000000339979": {
          "n": "British Strawberries",
          "p": 1.79,
          "q": 1,
          "u": "ea",
          "nw": { "t": 227, "u": "g" },
          "img": "https://dm.emea.cms.aldi.cx/is/image/aldiprodeu/product/jpg/scaleWidth/300/75c7a2b8-d917-4df2-a9a4-c254b3b3c16d/{slug}"
        },
        "000000000000339765": {
          "n": "British Blackberries",
          "p": 1.99,
          "q": 1,
          "u": "ea",
          "nw": { "t": 150, "u": "g" },
          "img": "https://dm.emea.cms.aldi.cx/is/image/aldiprodeu/product/jpg/scaleWidth/300/5339f08f-04dd-4aef-9fc3-e9227dccd556/{slug}"
        },
        "000000000000339835": {
          "n": "Wonky Raspberries",
          "p": 1.49,
          "q": 1,
          "u": "ea",
          "nw": { "t": 125, "u": "g" },
          "img": "https://dm.emea.cms.aldi.cx/is/image/aldiprodeu/product/jpg/scaleWidth/300/fc9924cf-0786-4eec-9993-14ef90b86a41/{slug}"
        },
        "000000000000339837": {
          "n": "Wonky Strawberries",
          "p": 1.69,
          "q": 1,
          "u": "ea",
          "nw": { "t": 227, "u": "g" },
          "img": "https://dm.emea.cms.aldi.cx/is/image/aldiprodeu/product/jpg/scaleWidth/300/6273e5c9-2e5c-499c-85b5-778ae3b07ad2/{slug}"
        },
        "000000000000339909": {
          "n": "British Raspberries",
          "p": 1.79,
          "q": 1,
          "u": "ea",
          "nw": { "t": 150, "u": "g" },
          "img": "https://dm.emea.cms.aldi.cx/is/image/aldiprodeu/product/jpg/scaleWidth/300/3b5fdc36-f2d9-4d47-b651-d0b95765006f/{slug}"
        },
        "000000000000339910": {
          "n": "Raspberries",
          "p": 2.49,
          "q": 1,
          "u": "ea",
          "nw": { "t": 225, "u": "g" },
          "img": "https://dm.emea.cms.aldi.cx/is/image/aldiprodeu/product/jpg/scaleWidth/300/a2c7ccc7-e39a-495e-864a-6542a0c16040/{slug}"
        },
        "000000000000339959": {
          "n": "British Grown Raspberries",
          "p": 2.29,
          "q": 1,
          "u": "ea",
          "nw": { "t": 150, "u": "g" },
          "img": "https://dm.emea.cms.aldi.cx/is/image/aldiprodeu/product/jpg/scaleWidth/300/305aa33d-2a3c-42a2-9396-9ee12ca38ed5/{slug}"
        },
        "000000000000339980": {
          "n": "Strawberries",
          "p": 2.39,
          "q": 1,
          "u": "ea",
          "nw": { "t": 400, "u": "g" },
          "img": "https://dm.emea.cms.aldi.cx/is/image/aldiprodeu/product/jpg/scaleWidth/300/6941d7bf-a937-42a0-b3a3-2cd4ca64d187/{slug}"
        },
        "000000000000339981": {
          "n": "British Strawberries",
          "p": 3.29,
          "q": 1,
          "u": "ea",
          "nw": { "t": 600, "u": "g" },
          "img": "https://dm.emea.cms.aldi.cx/is/image/aldiprodeu/product/jpg/scaleWidth/300/59f9e118-f63b-438d-aa89-aad79cd02734/{slug}"
        },
        "000000000000543751": {
          "n": "Mixed Berries",
          "p": 2.45,
          "q": 1,
          "u": "ea",
          "nw": { "t": 190, "u": "g" },
          "img": "https://dm.emea.cms.aldi.cx/is/image/aldiprodeu/product/jpg/scaleWidth/300/9c360ee3-bb41-48b1-a732-f3d3a21377cb/{slug}"
        },
        "000000000000563648": {
          "n": "Wonky Blackberries",
          "p": 1.79,
          "q": 1,
          "u": "ea",
          "nw": { "t": 150, "u": "g" },
          "img": "https://dm.emea.cms.aldi.cx/is/image/aldiprodeu/product/jpg/scaleWidth/300/329eb2c0-845c-4191-89e9-266ed548fc1e/{slug}"
        }
      },
      "as": {
        "20384": {
          "n": "ASDA Sweet & Plump Raspberries",
          "p": 1.89,
          "u": "Each",
          "nw": { "t": 150, "u": "g" },
          "ppuom": "£12.60/kg",
          "img": "https://ui.assets-asda.com:443/dm/23024861"
        },
        "998058": {
          "n": "ASDA Ripe & Sweet Strawberries 400g",
          "p": 2.48,
          "u": "Each",
          "nw": { "t": 400, "u": "g" },
          "ppuom": "£6.20/kg",
          "img": "https://ui.assets-asda.com:443/dm/27422915"
        },
        "81159233": {
          "n": "ASDA Sweet & Juicy Blackberries",
          "p": 2.14,
          "u": "Each",
          "nw": { "t": 150, "u": "g" },
          "ppuom": "£14.27/kg",
          "img": "https://ui.assets-asda.com:443/dm/0000023006263"
        },
        "1000060080329": {
          "n": "ASDA Grower's Selection Strawberries",
          "p": 3.28,
          "u": "Each",
          "nw": { "t": 600, "u": "g" },
          "ppuom": "£5.47/kg",
          "img": "https://ui.assets-asda.com:443/dm/5054781859253"
        },
        "1000012735128": {
          "n": "JUST ESSENTIALS by ASDA Farm Stores Strawberries 227g",
          "p": 1.69,
          "u": "Each",
          "nw": { "t": 227, "u": "g" },
          "ppuom": "£7.44/kg",
          "img": "https://ui.assets-asda.com:443/dm/5054781593539"
        },
        "910002901713": {
          "n": "ASDA Ripe & Sweet Strawberries",
          "p": 1.95,
          "u": "Each",
          "nw": { "t": 227, "u": "g" },
          "ppuom": "£8.59/kg",
          "img": "https://ui.assets-asda.com:443/dm/5054781443414"
        },
        "1000375030234": {
          "n": "ASDA Cranberries 100g",
          "p": 1.04,
          "u": "Each",
          "nw": { "t": 100, "u": "g" },
          "ppuom": "£1.04/100g",
          "img": "https://ui.assets-asda.com:443/dm/5057172859801"
        },
        "1000383208907": {
          "n": "ASDA Succulent & Juicy Mixed Berries 200g",
          "p": 2.74,
          "u": "Each",
          "nw": { "t": 200, "u": "g" },
          "ppuom": "£13.70/kg",
          "img": "https://ui.assets-asda.com:443/dm/5063089354278  "
        },
        "1000375279813": {
          "n": "ASDA Goji Berries 100g",
          "p": 1.86,
          "u": "Each",
          "nw": { "t": 100, "u": "g" },
          "ppuom": "£1.86/100g",
          "img": "https://ui.assets-asda.com:443/dm/5057172924363"
        },
        "1000231766472": {
          "n": "ASDA Extra Special Strawberries 227g",
          "p": 2.98,
          "u": "Each",
          "nw": { "t": 227, "u": "g" },
          "ppuom": "£13.13/kg",
          "img": "https://ui.assets-asda.com:443/dm/5057172445288"
        },
        "1000383153227": {
          "n": "ASDA Juicy & Tart Blackberries 250g",
          "p": 2.98,
          "u": "Each",
          "nw": { "t": 250, "u": "g" },
          "ppuom": "£11.92/kg",
          "img": "https://ui.assets-asda.com:443/dm/5063089028179"
        },
        "1000383226806": {
          "n": "ASDA Juicy & Sweet Mango & Berries 220g",
          "p": 2.48,
          "u": "Each",
          "nw": { "t": 220, "u": "g" },
          "ppuom": "£11.27/kg",
          "img": "https://ui.assets-asda.com:443/dm/5063089497845"
        },
        "9999999113231": {
          "n": "ASDA Strawberries Stock up Bundle",
          "p": 4.96,
          "u": "Each",
          "nw": { "t": 1, "u": "u" },
          "ppuom": null,
          "img": "https://ui.assets-asda.com:443/dm/ASDAStrawberriesStockup_Bundle"
        }
      },
      "tc": {
        "262860352": {
          "n": "Tesco Goji Berries 100G",
          "p": 2,
          "q": 1,
          "u": "u",
          "nw": { "t": 100, "u": "g" },
          "ppuom": "£20.00/kg",
          "img": "https://digitalcontent.api.tesco.com/v2/media/ghs/ee6ba7ae-ca14-4dc3-aabc-a9f4ee0f5fce/c1c8055f-f0a3-45bd-9c9f-8200deac3881.jpeg?h=225&w=225"
        },
        "272254714": {
          "n": "Tesco Organic Strawberries 300G",
          "p": 3,
          "q": 1,
          "u": "u",
          "nw": { "t": 300, "u": "g" },
          "ppuom": "£10.00/kg",
          "img": "https://digitalcontent.api.tesco.com/v2/media/ghs/c5fc511f-062e-4698-933b-e0b696cc07b7/83d976a7-550f-49e2-a3f8-7b7d71bede93.jpeg?h=225&w=225"
        },
        "287377189": {
          "n": "Tesco Blackberries 150G",
          "p": 2.25,
          "q": 1,
          "u": "u",
          "nw": { "t": 150, "u": "g" },
          "ppuom": "£15.00/kg",
          "img": "https://digitalcontent.api.tesco.com/v2/media/ghs/1f6eedb0-310d-4b84-939a-724d4d7112bc/5c6ff99d-e265-42d2-ae79-856092c95d99.jpeg?h=225&w=225"
        },
        "287377615": {
          "n": "Tesco Finest Strawberries 300G",
          "p": 3,
          "q": 1,
          "u": "u",
          "nw": { "t": 300, "u": "g" },
          "ppuom": "£10.00/kg",
          "img": "https://digitalcontent.api.tesco.com/v2/media/ghs/b1db5ff8-d9b3-4a52-977c-85f083e72877/78d57e94-bfd6-44f2-995d-a3aed23a07a0.jpeg?h=225&w=225"
        },
        "287377667": {
          "n": "Tesco Raspberries 150G",
          "p": 1.9,
          "q": 1,
          "u": "u",
          "nw": { "t": 150, "u": "g" },
          "ppuom": "£12.67/kg",
          "img": "https://digitalcontent.api.tesco.com/v2/media/ghs/e08862e9-3b68-4882-8b0f-8769bd313a13/9d4f59f4-4647-4f24-a0c1-b151741f336a.jpeg?h=225&w=225"
        },
        "287377736": {
          "n": "Tesco Raspberries 250G",
          "p": 3,
          "q": 1,
          "u": "u",
          "nw": { "t": 250, "u": "g" },
          "ppuom": "£12.00/kg",
          "img": "https://digitalcontent.api.tesco.com/v2/media/ghs/d6948213-8a21-4978-b407-2601e9df0997/753ebfe6-96be-4b3f-9ca3-3366ec913e50.jpeg?h=225&w=225"
        },
        "287377771": {
          "n": "Tesco Finest Raspberries 150G",
          "p": 2.5,
          "q": 1,
          "u": "u",
          "nw": { "t": 150, "u": "g" },
          "ppuom": "£16.67/kg",
          "img": "https://digitalcontent.api.tesco.com/v2/media/ghs/34ba52ea-883f-493b-980a-f9a6d1dd5a02/c5e06c5f-9fc9-43bb-9b63-c580768fa95c.jpeg?h=225&w=225"
        },
        "287529333": {
          "n": "Tesco Strawberries 400G",
          "p": 2.5,
          "q": 1,
          "u": "u",
          "nw": { "t": 400, "u": "g" },
          "ppuom": "£6.25/kg",
          "img": "https://digitalcontent.api.tesco.com/v2/media/ghs/5ac15807-7802-4472-9d52-5d24baae7f46/522e0296-b887-40ec-997d-4406a4c74063.jpeg?h=225&w=225"
        },
        "287529575": {
          "n": "Tesco Strawberries 600G",
          "p": 3.5,
          "q": 1,
          "u": "u",
          "nw": { "t": 600, "u": "g" },
          "ppuom": "£5.83/kg",
          "img": "https://digitalcontent.api.tesco.com/v2/media/ghs/df2e0037-2fe7-434c-a7ee-46464ce03f5c/e2d2391c-1bb6-4a92-a678-c499e0e38c50.jpeg?h=225&w=225"
        },
        "292226511": {
          "n": "Rosedene Farms Strawberries 227G",
          "p": 1.69,
          "q": 1,
          "u": "u",
          "nw": { "t": 227, "u": "g" },
          "ppuom": "£7.44/kg",
          "img": "https://digitalcontent.api.tesco.com/v2/media/ghs/1bb8000c-0c67-4b9f-b347-97fc41556028/5ccb6e34-0f26-4c7c-a44f-f76c20baa6ca.jpeg?h=225&w=225"
        },
        "292249370": {
          "n": "Rosedene Farms Blackberries 150G",
          "p": 1.89,
          "q": 1,
          "u": "u",
          "nw": { "t": 150, "u": "g" },
          "ppuom": "£12.60/kg",
          "img": "https://digitalcontent.api.tesco.com/v2/media/ghs/028b8537-ea2c-47bd-8d59-4466324ef3bf/f41872a6-1ead-4b5d-864a-37962ff8df2b.jpeg?h=225&w=225"
        },
        "293625089": {
          "n": "Tesco Blackberries 250G",
          "p": 3,
          "q": 1,
          "u": "u",
          "nw": { "t": 250, "u": "g" },
          "ppuom": "£12.00/kg",
          "img": "https://digitalcontent.api.tesco.com/v2/media/ghs/93fd655e-478d-4615-82e3-53aca7c838f7/d00de5bc-1508-4582-b0ca-f1bc0d671915.jpeg?h=225&w=225"
        },
        "299497719": {
          "n": "Tesco Mixed Berries 25G",
          "p": 0.7,
          "q": 1,
          "u": "u",
          "nw": { "t": 25, "u": "g" },
          "ppuom": "£28.00/kg",
          "img": "https://digitalcontent.api.tesco.com/v2/media/ghs/ac7e11ab-6c21-45b5-ac84-0b43feb7437f/5c48dea2-265f-405b-b77e-1077a665d537_3408760.jpeg?h=225&w=225"
        },
        "300122126": {
          "n": "Tesco Strawberries 100G",
          "p": 1.4,
          "q": 1,
          "u": "u",
          "nw": { "t": 100, "u": "g" },
          "ppuom": "£14.00/kg",
          "img": "https://digitalcontent.api.tesco.com/v2/media/ghs/0a47a143-45d6-4051-8cea-95757657f244/a85a97a4-fa5a-42a3-8050-986c72158713.jpeg?h=225&w=225"
        },
        "305984831": {
          "n": "Tesco Berry Bowl With Super Sweet Berries 400G",
          "p": 4.25,
          "q": 1,
          "u": "u",
          "nw": { "t": 400, "u": "g" },
          "ppuom": "£10.62/kg",
          "img": "https://digitalcontent.api.tesco.com/v2/media/ghs/edaea5d6-229b-4dd4-bcb9-a956f2d74116/28fc1ba9-5894-4706-8a82-7637228280bc.jpeg?h=225&w=225"
        },
        "308870949": {
          "n": "Tesco Cranberries 100G",
          "p": 2,
          "q": 1,
          "u": "u",
          "nw": { "t": 100, "u": "g" },
          "ppuom": "£20.00/kg",
          "img": "https://digitalcontent.api.tesco.com/v2/media/ghs/3b9c6789-df91-4318-bd79-f52af7e33f67/bb921e62-534f-4f20-9bf0-64f0f23ea3e7.jpeg?h=225&w=225"
        },
        "309450846": {
          "n": "Tesco Organic Raspberries 150G",
          "p": 3.1,
          "q": 1,
          "u": "u",
          "nw": { "t": 150, "u": "g" },
          "ppuom": "£20.67/kg",
          "img": "https://digitalcontent.api.tesco.com/v2/media/ghs/da114cb1-c73c-4273-8407-b9cb9ceab447/e8f48e5b-0561-4759-b9d8-fe7b538a9517.jpeg?h=225&w=225"
        },
        "311791566": {
          "n": "Tesco Finest Strawberries 600G",
          "p": 4.5,
          "q": 1,
          "u": "u",
          "nw": { "t": 600, "u": "g" },
          "ppuom": "£7.50/kg",
          "img": "https://digitalcontent.api.tesco.com/v2/media/ghs/a42c2e49-8c27-4c6c-a062-66e472a9e79f/6133eb00-e41b-4c50-a1f9-c70774e76e33.jpeg?h=225&w=225"
        },
        "311807397": {
          "n": "Tesco Raisins And Cranberries 500G",
          "p": 4.95,
          "q": 1,
          "u": "u",
          "nw": { "t": 500, "u": "g" },
          "ppuom": "£9.90/kg",
          "img": "https://digitalcontent.api.tesco.com/v2/media/ghs/52bb4e9b-819c-4f12-bddc-0e3e21d8590c/80a0eae0-2647-4b92-82e0-a7f9786a5b46_141819681.jpeg?h=225&w=225"
        },
        "318084874": {
          "n": "DON SIMON MIXED BERRIES SMOOTHIE 1L",
          "p": 2,
          "q": 1,
          "u": "u",
          "nw": { "t": 1, "u": "l" },
          "ppuom": "£0.20/100ml",
          "img": "https://digitalcontent.api.tesco.com/v2/media/ghs/2bce064d-f82b-497d-9373-aa2aae8ac3f4/aaa27986-787e-4f6d-913d-e88f0c3536e4_603708829.jpeg?h=225&w=225"
        }
      },
      "oc": {
        "47577011": {
          "n": "Ocado British Strawberries",
          "p": 2.5,
          "q": 1,
          "u": "u",
          "nw": { "t": 400, "u": "g" },
          "ppuom": "6.25per kg",
          "img": "https://www.ocado.com/productImages/475/47577011_0_150x150.jpg"
        },
        "63551011": {
          "n": "Ocado Blackberries",
          "p": 2.25,
          "q": 1,
          "u": "u",
          "nw": { "t": 150, "u": "g" },
          "ppuom": "15per kg",
          "img": "https://www.ocado.com/productImages/635/63551011_0_150x150.jpg"
        },
        "67190011": {
          "n": "Ocado Raspberries",
          "p": 1.9,
          "q": 1,
          "u": "u",
          "nw": { "t": 150, "u": "g" },
          "ppuom": "12.67per kg",
          "img": "https://www.ocado.com/productImages/671/67190011_0_150x150.jpg"
        },
        "298673011": {
          "n": "BerryWorld Blackberries",
          "p": 3.5,
          "q": 1,
          "u": "u",
          "nw": { "t": 150, "u": "g" },
          "ppuom": "23.33per kg",
          "img": "https://www.ocado.com/productImages/298/298673011_0_150x150.jpg"
        },
        "298700011": {
          "n": "Berryworld British Raspberries",
          "p": 3.25,
          "q": 1,
          "u": "u",
          "nw": { "t": 150, "u": "g" },
          "ppuom": "21.67per kg",
          "img": "https://www.ocado.com/productImages/298/298700011_0_150x150.jpg"
        },
        "298701011": {
          "n": "BerryWorld British Strawberries ",
          "p": 3.5,
          "q": 1,
          "u": "u",
          "nw": { "t": 227, "u": "g" },
          "ppuom": "15.42per kg",
          "img": "https://www.ocado.com/productImages/298/298701011_0_150x150.jpg"
        },
        "368459011": {
          "n": "Ocado British Strawberries",
          "p": 2.75,
          "q": 1,
          "u": "u",
          "nw": { "t": 600, "u": "g" },
          "ppuom": "4.5858per kg",
          "img": "https://www.ocado.com/productImages/368/368459011_0_150x150.jpg"
        },
        "470589011": {
          "n": "Ocado Raspberries",
          "p": 3.25,
          "q": 1,
          "u": "u",
          "nw": { "t": 250, "u": "g" },
          "ppuom": "13per kg",
          "img": "https://www.ocado.com/productImages/470/470589011_0_150x150.jpg"
        },
        "517244011": {
          "n": "Berryworld Strawberries",
          "p": 5.5,
          "q": 1,
          "u": "u",
          "nw": { "t": 500, "u": "g" },
          "ppuom": "11per kg",
          "img": "https://www.ocado.com/productImages/517/517244011_0_150x150.jpg"
        },
        "517931011": {
          "n": "Berryworld Organic Strawberries",
          "p": 3.25,
          "q": 1,
          "u": "u",
          "nw": { "t": 225, "u": "g" },
          "ppuom": "14.44per kg",
          "img": "https://www.ocado.com/productImages/517/517931011_0_150x150.jpg"
        },
        "517932011": {
          "n": "BerryWorld Organic Raspberries",
          "p": 3.25,
          "q": 1,
          "u": "u",
          "nw": { "t": 125, "u": "g" },
          "ppuom": "26per kg",
          "img": "https://www.ocado.com/productImages/517/517932011_0_150x150.jpg"
        },
        "517983011": {
          "n": "M&S Strawberries",
          "p": 3.9,
          "q": 1,
          "u": "u",
          "nw": { "t": 400, "u": "g" },
          "ppuom": "9.75per kg",
          "img": "https://www.ocado.com/productImages/517/517983011_0_150x150.jpg"
        },
        "518089011": {
          "n": "M&S British Blackberries    ",
          "p": 3.2,
          "q": 1,
          "u": "u",
          "nw": { "t": 180, "u": "g" },
          "ppuom": "17.78per kg",
          "img": "https://www.ocado.com/productImages/518/518089011_0_150x150.jpg"
        },
        "518227011": {
          "n": "M&S Raspberries",
          "p": 2.5,
          "q": 1,
          "u": "u",
          "nw": { "t": 150, "u": "g" },
          "ppuom": "16.67per kg",
          "img": "https://www.ocado.com/productImages/518/518227011_0_150x150.jpg"
        },
        "518266011": {
          "n": "M&S Mixed Berries",
          "p": 3.2,
          "q": 1,
          "u": "u",
          "nw": { "t": 190, "u": "g" },
          "ppuom": "16.84per kg",
          "img": "https://www.ocado.com/productImages/518/518266011_0_150x150.jpg"
        },
        "518302011": {
          "n": "M&S Raspberries",
          "p": 3.9,
          "q": 1,
          "u": "u",
          "nw": { "t": 250, "u": "g" },
          "ppuom": "15.6per kg",
          "img": "https://www.ocado.com/productImages/518/518302011_0_150x150.jpg"
        },
        "518303011": {
          "n": "M&S Strawberries",
          "p": 2.5,
          "q": 1,
          "u": "u",
          "nw": { "t": 300, "u": "g" },
          "ppuom": "0.833per 100g",
          "img": "https://www.ocado.com/productImages/518/518303011_0_150x150.jpg"
        },
        "523963011": {
          "n": "M&S Mixed Berries",
          "p": 5,
          "q": 1,
          "u": "u",
          "nw": { "t": 400, "u": "g" },
          "ppuom": "12.5per kg",
          "img": "https://www.ocado.com/productImages/523/523963011_0_150x150.jpg"
        },
        "530938011": {
          "n": "M&S British Red Diamond Strawberries",
          "p": 3,
          "q": 1,
          "u": "u",
          "nw": { "t": 227, "u": "g" },
          "ppuom": "13.22per kg",
          "img": "https://www.ocado.com/productImages/530/530938011_0_150x150.jpg"
        },
        "570601011": {
          "n": "Ocado Organic Raspberries",
          "p": 2.9,
          "q": 1,
          "u": "u",
          "nw": { "t": 150, "u": "g" },
          "ppuom": "19.3362per kg",
          "img": "https://www.ocado.com/productImages/570/570601011_0_150x150.jpg"
        },
        "570605011": {
          "n": "Ocado Organic Strawberries",
          "p": 3.5,
          "q": 1,
          "u": "u",
          "nw": { "t": 227, "u": "g" },
          "ppuom": "15.42per kg",
          "img": "https://www.ocado.com/productImages/570/570605011_0_150x150.jpg"
        },
        "602510011": {
          "n": "M&S Mango & Berries",
          "p": 2.25,
          "q": 1,
          "u": "u",
          "nw": { "t": 115, "u": "g" },
          "ppuom": "19.57per kg",
          "img": "https://www.ocado.com/productImages/602/602510011_0_150x150.jpg"
        },
        "660722011": {
          "n": "Dyson Farming British Strawberries",
          "p": 4,
          "q": 1,
          "u": "u",
          "nw": { "t": 250, "u": "g" },
          "ppuom": "16per kg",
          "img": "https://www.ocado.com/productImages/660/660722011_0_150x150.jpg"
        },
        "661176011": {
          "n": "trufru Raspberries in White & Dark Chocolate",
          "p": 6,
          "q": 1,
          "u": "u",
          "nw": { "t": 200, "u": "g" },
          "ppuom": "3per 100g",
          "img": "https://www.ocado.com/productImages/661/661176011_0_150x150.jpg"
        }
      },
      "ms": {
        "108472798": {
          "n": "Morrisons Raspberries ",
          "p": 2.15,
          "q": 1,
          "u": "u",
          "nw": { "t": 150, "u": "g" },
          "ppuom": "14.33/kg",
          "img": "https://groceries.morrisons.com/images-v3/4b85987b-1398-4173-a0c1-3546047c9d74/ed7c525e-ce73-48d7-8f12-d48ebfb3cffd/300x300.jpg"
        },
        "108473192": {
          "n": "Morrisons Blackberries",
          "p": 2.25,
          "q": 1,
          "u": "u",
          "nw": { "t": 150, "u": "g" },
          "ppuom": "15.00/kg",
          "img": "https://groceries.morrisons.com/images-v3/4b85987b-1398-4173-a0c1-3546047c9d74/edf2de04-28f6-4e48-b9d9-7161d91eaaa9/300x300.jpg"
        },
        "108475411": {
          "n": "Morrisons Strawberries   227g",
          "p": 2.3,
          "q": 1,
          "u": "u",
          "nw": { "t": 227, "u": "g" },
          "ppuom": "10.13/kg",
          "img": "https://groceries.morrisons.com/images-v3/4b85987b-1398-4173-a0c1-3546047c9d74/6a0ffc35-065b-42d2-b2e6-c212272298bd/300x300.jpg"
        },
        "108850171": {
          "n": "Morrisons Strawberries   350g",
          "p": 2.3,
          "q": 1,
          "u": "u",
          "nw": { "t": 350, "u": "g" },
          "ppuom": "6.57/kg",
          "img": "https://groceries.morrisons.com/images-v3/4b85987b-1398-4173-a0c1-3546047c9d74/f7df8fab-20b8-4139-a34b-7cb23287e6cd/300x300.jpg"
        },
        "109675731": {
          "n": "Morrisons Raspberries   250g",
          "p": 3.25,
          "q": 1,
          "u": "u",
          "nw": { "t": 250, "u": "g" },
          "ppuom": "13.00/kg",
          "img": "https://groceries.morrisons.com/images-v3/4b85987b-1398-4173-a0c1-3546047c9d74/102d4b85-db4e-4a20-b961-6d0a41d5293d/300x300.jpg"
        },
        "112780152": {
          "n": "Morrisons Organic Strawberries ",
          "p": 2.69,
          "q": 1,
          "u": "u",
          "nw": { "t": 225, "u": "g" },
          "ppuom": "11.96/kg",
          "img": "https://groceries.morrisons.com/images-v3/4b85987b-1398-4173-a0c1-3546047c9d74/55ae9f8a-8018-4e76-a2df-bbc870fb20fe/300x300.jpg"
        },
        "113073505": {
          "n": "Morrisons Strawberries",
          "p": 3.5,
          "q": 1,
          "u": "u",
          "nw": { "t": 600, "u": "g" },
          "ppuom": "5.83/kg",
          "img": "https://groceries.morrisons.com/images-v3/4b85987b-1398-4173-a0c1-3546047c9d74/f7dd5aa8-6048-486f-9c1e-c736b6d57c92/300x300.jpg"
        },
        "113080385": {
          "n": "Morrisons Strawberries 400g plus 50% Extra Free",
          "p": 3.5,
          "q": 1,
          "u": "u",
          "nw": { "t": 600, "u": "g" },
          "ppuom": "5.83/kg",
          "img": "https://groceries.morrisons.com/images-v3/4b85987b-1398-4173-a0c1-3546047c9d74/c577023b-d7e6-4a00-b483-beab2c90a249/300x300.jpg"
        },
        "113454800": {
          "n": "Morrisons Savers Raspberries ",
          "p": 1.9,
          "q": 1,
          "u": "u",
          "nw": { "t": 150, "u": "g" },
          "ppuom": "12.67/kg",
          "img": "https://groceries.morrisons.com/images-v3/4b85987b-1398-4173-a0c1-3546047c9d74/44c42dde-d81d-41fd-987c-29569dd07a5a/300x300.jpg"
        },
        "113455028": {
          "n": "Morrisons Savers Strawberries  227g",
          "p": 1.79,
          "q": 1,
          "u": "u",
          "nw": { "t": 227, "u": "g" },
          "ppuom": "7.89/kg",
          "img": "https://groceries.morrisons.com/images-v3/4b85987b-1398-4173-a0c1-3546047c9d74/35ae940f-64a5-46dd-8ba6-754b8fe8c569/300x300.jpg"
        },
        "113690714": {
          "n": "Driscoll's Strawberries   250g",
          "p": 3.6,
          "q": 1,
          "u": "u",
          "nw": { "t": 250, "u": "g" },
          "ppuom": "14.40/kg",
          "img": "https://groceries.morrisons.com/images-v3/4b85987b-1398-4173-a0c1-3546047c9d74/db65012c-b261-498c-9ff9-7f1988ff3c62/300x300.jpg"
        },
        "113691101": {
          "n": "Driscoll's Blackberries   125g",
          "p": 2.9,
          "q": 1,
          "u": "u",
          "nw": { "t": 125, "u": "g" },
          "ppuom": "23.20/kg",
          "img": "https://groceries.morrisons.com/images-v3/4b85987b-1398-4173-a0c1-3546047c9d74/79568dee-4a82-4184-b93d-ff272204393f/300x300.jpg"
        },
        "113694969": {
          "n": "Driscoll's Raspberries   125g",
          "p": 2.75,
          "q": 1,
          "u": "u",
          "nw": { "t": 125, "u": "g" },
          "ppuom": "22.00/kg",
          "img": "https://groceries.morrisons.com/images-v3/4b85987b-1398-4173-a0c1-3546047c9d74/94a80a2d-0754-4cfc-9fe3-a6a5f3303ff3/300x300.jpg"
        },
        "114133952": {
          "n": "Morrisons Dried Strawberries ",
          "p": 3.2,
          "q": 1,
          "u": "u",
          "nw": { "t": 200, "u": "g" },
          "ppuom": "16.00/kg",
          "img": "https://groceries.morrisons.com/images-v3/4b85987b-1398-4173-a0c1-3546047c9d74/fd44c41a-4890-4981-b924-fe94e3d02513/300x300.jpg"
        },
        "114137603": {
          "n": "Morrisons Sultanas & Cranberries ",
          "p": 1.6,
          "q": 1,
          "u": "u",
          "nw": { "t": 200, "u": "g" },
          "ppuom": "8.00/kg",
          "img": "https://groceries.morrisons.com/images-v3/4b85987b-1398-4173-a0c1-3546047c9d74/ce1a53bd-bc33-49ed-a947-23e10fd934d7/300x300.jpg"
        },
        "114157292": {
          "n": "Driscoll's Mixed Berries   200g",
          "p": 3,
          "q": 1,
          "u": "u",
          "nw": { "t": 200, "u": "g" },
          "ppuom": "15.00/kg",
          "img": "https://groceries.morrisons.com/images-v3/4b85987b-1398-4173-a0c1-3546047c9d74/48fc061d-aafe-4fd5-b054-53e859e7d2f1/300x300.jpg"
        },
        "114224791": {
          "n": "Morrisons Organic Raspberries",
          "p": 2.7,
          "q": 1,
          "u": "u",
          "nw": { "t": 125, "u": "g" },
          "ppuom": "21.60/kg",
          "img": "https://groceries.morrisons.com/images-v3/4b85987b-1398-4173-a0c1-3546047c9d74/378736a1-6919-4268-80e9-5ee7ed4bf29c/300x300.jpg"
        }
      }
    },
    "grapes": {
      "al": {
        "000000000000266267": {
          "n": "White Seedless Grapes",
          "p": 1.89,
          "q": 1,
          "u": "pac",
          "nw": { "t": 500, "u": "g" },
          "img": "https://dm.emea.cms.aldi.cx/is/image/aldiprodeu/product/jpg/scaleWidth/300/03819a8f-2af6-4f27-8736-a0386db90d6c/{slug}"
        },
        "000000000000266293": {
          "n": "Seedless Red Grapes",
          "p": 1.89,
          "q": 1,
          "u": "pac",
          "nw": { "t": 500, "u": "g" },
          "img": "https://dm.emea.cms.aldi.cx/is/image/aldiprodeu/product/jpg/scaleWidth/300/670937ab-197f-4424-8d77-f0a39ccf2997/{slug}"
        },
        "000000000000266312": {
          "n": "Black Seedless Grapes",
          "p": 1.89,
          "q": 1,
          "u": "pac",
          "nw": { "t": 500, "u": "g" },
          "img": "https://dm.emea.cms.aldi.cx/is/image/aldiprodeu/product/jpg/scaleWidth/300/2bce4ff3-2b29-493d-a820-9d1c5d12ce22/{slug}"
        },
        "000000000000266315": {
          "n": "Seedless Sable Grapes",
          "p": 1.89,
          "q": 1,
          "u": "pac",
          "nw": { "t": 400, "u": "g" },
          "img": "https://dm.emea.cms.aldi.cx/is/image/aldiprodeu/product/jpg/scaleWidth/300/4f49a39c-aaa4-4ecc-806f-a7272a09d5fa/{slug}"
        },
        "000000000000266331": {
          "n": "Mixed Seedless Grapes",
          "p": 1.89,
          "q": 1,
          "u": "pac",
          "nw": { "t": 500, "u": "g" },
          "img": "https://dm.emea.cms.aldi.cx/is/image/aldiprodeu/product/jpg/scaleWidth/300/f4449cd7-4181-41ce-bcff-5cce314615d4/{slug}"
        },
        "000000000000433964": {
          "n": "Wonky White Grapes",
          "p": 1.69,
          "q": 1,
          "u": "pac",
          "nw": { "t": 500, "u": "g" },
          "img": "https://dm.emea.cms.aldi.cx/is/image/aldiprodeu/product/jpg/scaleWidth/300/9a48f51f-9273-4404-b3dc-57f0bcfa0a6f/{slug}"
        },
        "000000000451219001": {
          "n": "Snack Pack Seedlness Green Grapes",
          "p": 0.85,
          "q": 1,
          "u": "pac",
          "nw": { "t": 170, "u": "g" },
          "img": "https://dm.emea.cms.aldi.cx/is/image/aldiprodeu/product/jpg/scaleWidth/300/871de14f-8c24-4406-9a1c-b5b035849b3d/{slug}"
        },
        "000000000451219002": {
          "n": "Snack Pack Seedless Red Grapes",
          "p": 0.85,
          "q": 1,
          "u": "pac",
          "nw": { "t": 170, "u": "g" },
          "img": "https://dm.emea.cms.aldi.cx/is/image/aldiprodeu/product/jpg/scaleWidth/300/465965be-85d7-4af2-adcf-ae62191dc444/{slug}"
        }
      },
      "as": {
        "910001070531": {
          "n": "ASDA Melon & Grapes",
          "p": 1.12,
          "u": "Each",
          "nw": { "t": 160, "u": "g" },
          "ppuom": "£7.00/kg",
          "img": "https://ui.assets-asda.com:443/dm/5052449917031"
        },
        "910001413504": {
          "n": "ASDA Grapes",
          "p": 0.44,
          "u": "Each",
          "nw": { "t": 80, "u": "g" },
          "ppuom": "£5.50/kg",
          "img": "https://ui.assets-asda.com:443/dm/5054070299180"
        }
      },
      "tc": {
        "260138290": {
          "n": "Tesco Green Seedless Grapes Pack 500G",
          "p": 1.9,
          "q": 1,
          "u": "u",
          "nw": { "t": 500, "u": "g" },
          "ppuom": "£3.80/kg",
          "img": "https://digitalcontent.api.tesco.com/v2/media/ghs/f6c60c3f-ee46-4b81-96a2-99eb92c3b9fa/65fe97f0-e0aa-45f6-9fc9-1b3726c5a424.jpeg?h=225&w=225"
        },
        "260138854": {
          "n": "Tesco Red Seedless Grapes 500G",
          "p": 1.9,
          "q": 1,
          "u": "u",
          "nw": { "t": 500, "u": "g" },
          "ppuom": "£3.80/kg",
          "img": "https://digitalcontent.api.tesco.com/v2/media/ghs/00eef3f2-5694-4c0f-8891-22275f71a40a/d9ef39a9-1cf8-49dc-a929-d9c1f7e59086.jpeg?h=225&w=225"
        },
        "262640958": {
          "n": "Tesco Black Seedless Grapes 500G",
          "p": 1.9,
          "q": 1,
          "u": "u",
          "nw": { "t": 500, "u": "g" },
          "ppuom": "£3.80/kg",
          "img": "https://digitalcontent.api.tesco.com/v2/media/ghs/f77e067a-c483-4e90-a27a-bc9cd164d58f/55b7d991-e973-4eea-9785-b54d66ff9e4d.jpeg?h=225&w=225"
        },
        "294076120": {
          "n": "Tesco Large Selection Grapes 800G Pack",
          "p": 3.2,
          "q": 1,
          "u": "u",
          "nw": { "t": 800, "u": "g" },
          "ppuom": "£4.00/kg",
          "img": "https://digitalcontent.api.tesco.com/v2/media/ghs/9a44db29-5c44-4c94-8990-ca680ecabe74/a318701d-9e47-4318-8351-daf14fe015be.jpeg?h=225&w=225"
        },
        "302971908": {
          "n": "Tesco Melon & Grapes 300G",
          "p": 2.5,
          "q": 1,
          "u": "u",
          "nw": { "t": 300, "u": "g" },
          "ppuom": "£8.33/kg",
          "img": "https://digitalcontent.api.tesco.com/v2/media/ghs/89cb6e1e-4e5c-4eee-a79d-bf4b67546696/2fafcf35-1df6-466d-b3f8-a20782d8e069.jpeg?h=225&w=225"
        },
        "308082528": {
          "n": "Tesco Grapes 110G",
          "p": 1.4,
          "q": 1,
          "u": "u",
          "nw": { "t": 110, "u": "g" },
          "ppuom": "£12.73/kg",
          "img": "https://digitalcontent.api.tesco.com/v2/media/ghs/cac6edb8-9fbf-44a4-9771-5708481b2934/d8928653-f8e6-4f2a-bac9-7103c0f5fcd8.jpeg?h=225&w=225"
        },
        "314934215": {
          "n": "Tesco Finest Green Grapes Seedless 500G",
          "p": 2.6,
          "q": 1,
          "u": "u",
          "nw": { "t": 500, "u": "g" },
          "ppuom": "£5.20/kg",
          "img": "https://digitalcontent.api.tesco.com/v2/media/ghs/e0fa9b8e-94df-4098-9ee1-3c94e3e60b33/3310e472-1bad-4fac-88b7-088ac951cb33.jpeg?h=225&w=225"
        },
        "315048637": {
          "n": "Tesco Finest Red Grapes Seedless 500G",
          "p": 2.6,
          "q": 1,
          "u": "u",
          "nw": { "t": 500, "u": "g" },
          "ppuom": "£5.20/kg",
          "img": "https://digitalcontent.api.tesco.com/v2/media/ghs/a936926a-e9e1-4da9-9628-9c9e4d035a01/dfb9be2a-8808-4891-becb-0659bb8d8a89.jpeg?h=225&w=225"
        },
        "316808604": {
          "n": "Jaffa Crunchy Grapes 500g ",
          "p": 2.3,
          "q": 1,
          "u": "u",
          "nw": { "t": 500, "u": "g" },
          "ppuom": "£4.60/kg",
          "img": "https://digitalcontent.api.tesco.com/v2/media/ghs/09f86264-ec04-4856-8ea4-1965c8bbe1a1/36d14980-1508-4ffa-af2d-c59872905c38.jpeg?h=225&w=225"
        },
        "317208414": {
          "n": "Jaffa Tropical Grapes 500g ",
          "p": 2.3,
          "q": 1,
          "u": "u",
          "nw": { "t": 500, "u": "g" },
          "ppuom": "£4.60/kg",
          "img": "https://digitalcontent.api.tesco.com/v2/media/ghs/7304f3fb-42b3-440a-b570-bcaf22e2bc44/9cc6df15-6954-4968-866e-a48508a4dea5.jpeg?h=225&w=225"
        }
      },
      "oc": {
        "96797011": {
          "n": "Ocado Mixed Seedless Grapes",
          "p": 2,
          "q": 1,
          "u": "u",
          "nw": { "t": 500, "u": "g" },
          "ppuom": "4per kg",
          "img": "https://www.ocado.com/productImages/967/96797011_0_150x150.jpg"
        },
        "96798011": {
          "n": "Ocado Red Seedless Grapes",
          "p": 1.9,
          "q": 1,
          "u": "u",
          "nw": { "t": 500, "u": "g" },
          "ppuom": "3.8per kg",
          "img": "https://www.ocado.com/productImages/967/96798011_0_150x150.jpg"
        },
        "96799011": {
          "n": "Ocado Green Seedless Grapes",
          "p": 1.9,
          "q": 1,
          "u": "u",
          "nw": { "t": 500, "u": "g" },
          "ppuom": "3.8per kg",
          "img": "https://www.ocado.com/productImages/967/96799011_0_150x150.jpg"
        },
        "226274011": {
          "n": "Ocado Black Seedless Grapes",
          "p": 1.9,
          "q": 1,
          "u": "u",
          "nw": { "t": 500, "u": "g" },
          "ppuom": "3.8per kg",
          "img": "https://www.ocado.com/productImages/226/226274011_0_150x150.jpg"
        },
        "446063011": {
          "n": "Ocado Sable Seedless Grapes",
          "p": 2.5,
          "q": 1,
          "u": "u",
          "nw": { "t": 400, "u": "g" },
          "ppuom": "6.25per kg",
          "img": "https://www.ocado.com/productImages/446/446063011_0_150x150.jpg"
        },
        "518259011": {
          "n": "M&S Collection Sable Seedless Grapes",
          "p": 2.5,
          "q": 1,
          "u": "u",
          "nw": { "t": 400, "u": "g" },
          "ppuom": "6.25per kg",
          "img": "https://www.ocado.com/productImages/518/518259011_0_150x150.jpg"
        },
        "518267011": {
          "n": "M&S Seedless Black Grapes",
          "p": 2.8,
          "q": 1,
          "u": "u",
          "nw": { "t": 500, "u": "g" },
          "ppuom": "5.6per kg",
          "img": "https://www.ocado.com/productImages/518/518267011_0_150x150.jpg"
        },
        "518288011": {
          "n": "M&S Seedless Mixed Grapes",
          "p": 2.6,
          "q": 1,
          "u": "u",
          "nw": { "t": 500, "u": "g" },
          "ppuom": "5.2per kg",
          "img": "https://www.ocado.com/productImages/518/518288011_0_150x150.jpg"
        },
        "518292011": {
          "n": "M&S Seedless Red Grapes",
          "p": 2.4,
          "q": 1,
          "u": "u",
          "nw": { "t": 500, "u": "g" },
          "ppuom": "4.8per kg",
          "img": "https://www.ocado.com/productImages/518/518292011_0_150x150.jpg"
        },
        "518324011": {
          "n": "M&S Seedless White Grapes",
          "p": 2.4,
          "q": 1,
          "u": "u",
          "nw": { "t": 500, "u": "g" },
          "ppuom": "4.8per kg",
          "img": "https://www.ocado.com/productImages/518/518324011_0_150x150.jpg"
        },
        "518338011": {
          "n": "M&S Collection Seedless Muscat Grapes",
          "p": 3,
          "q": 1,
          "u": "u",
          "nw": { "t": 400, "u": "g" },
          "ppuom": "7.5per kg",
          "img": "https://www.ocado.com/productImages/518/518338011_0_150x150.jpg"
        },
        "519721011": {
          "n": "M&S Collection Cotton Candy Grapes",
          "p": 3.2,
          "q": 1,
          "u": "u",
          "nw": { "t": 400, "u": "g" },
          "ppuom": "8per kg",
          "img": "https://www.ocado.com/productImages/519/519721011_0_150x150.jpg"
        },
        "536866011": {
          "n": "M&S Collection Tutti Frutti Seedless Grapes",
          "p": 3,
          "q": 1,
          "u": "u",
          "nw": { "t": 400, "u": "g" },
          "ppuom": "7.5per kg",
          "img": "https://www.ocado.com/productImages/536/536866011_0_150x150.jpg"
        },
        "568088011": {
          "n": "Ocado Organic Red/Black Grapes",
          "p": 3.75,
          "q": 1,
          "u": "u",
          "nw": { "t": 400, "u": "g" },
          "ppuom": "9.38per kg",
          "img": "https://www.ocado.com/productImages/568/568088011_0_150x150.jpg"
        }
      },
      "ms": {
        "108305640": {
          "n": "Morrisons Seedless Black Grapes",
          "p": 2,
          "q": 1,
          "u": "u",
          "nw": { "t": 400, "u": "g" },
          "ppuom": "5.00/kg",
          "img": "https://groceries.morrisons.com/images-v3/4b85987b-1398-4173-a0c1-3546047c9d74/fc2a9909-01ca-4205-b948-2b4aa6f3ec49/300x300.jpg"
        },
        "108306239": {
          "n": "Morrisons Seedless Green Grapes",
          "p": 2,
          "q": 1,
          "u": "u",
          "nw": { "t": 400, "u": "g" },
          "ppuom": "5.00/kg",
          "img": "https://groceries.morrisons.com/images-v3/4b85987b-1398-4173-a0c1-3546047c9d74/f273e39f-4f8b-461e-98e3-c455a14ad4d1/300x300.jpg"
        },
        "112040630": {
          "n": "Explore Cotton Candy Seedless Grapes",
          "p": 2.4,
          "q": 1,
          "u": "u",
          "nw": { "t": 400, "u": "g" },
          "ppuom": "6.00/kg",
          "img": "https://groceries.morrisons.com/images-v3/4b85987b-1398-4173-a0c1-3546047c9d74/36bb11b5-bcbf-4b66-8bb6-a145b17ffca9/300x300.jpg"
        },
        "112354022": {
          "n": "Morrisons Red Grapes ",
          "p": 1.35,
          "q": 1,
          "u": "u",
          "nw": { "t": 170, "u": "g" },
          "ppuom": "7.94/kg",
          "img": "https://groceries.morrisons.com/images-v3/4b85987b-1398-4173-a0c1-3546047c9d74/7a7f8b2f-b2e0-43a5-a2d3-54c0ad8792c6/300x300.jpg"
        },
        "112354057": {
          "n": "Morrisons Green Grapes",
          "p": 1.35,
          "q": 1,
          "u": "u",
          "nw": { "t": 170, "u": "g" },
          "ppuom": "7.94/kg",
          "img": "https://groceries.morrisons.com/images-v3/4b85987b-1398-4173-a0c1-3546047c9d74/ad6bbe85-bc5c-4c31-ab0b-b73770b1db8b/300x300.jpg"
        },
        "112933112": {
          "n": "Morrisons Seedless Red Grapes",
          "p": 2,
          "q": 1,
          "u": "u",
          "nw": { "t": 400, "u": "g" },
          "ppuom": "5.00/kg",
          "img": "https://groceries.morrisons.com/images-v3/4b85987b-1398-4173-a0c1-3546047c9d74/4b8bd696-ef61-4d30-a363-83f3104c67f0/300x300.jpg"
        },
        "113596672": {
          "n": "Explore Candy Pops Seedless Grapes",
          "p": 2.4,
          "q": 1,
          "u": "u",
          "nw": { "t": 400, "u": "g" },
          "ppuom": "6.00/kg",
          "img": "https://groceries.morrisons.com/images-v3/4b85987b-1398-4173-a0c1-3546047c9d74/5498681d-4690-4bc8-a4c0-7bc3a96f3471/300x300.jpg"
        },
        "113655222": {
          "n": "Organic Grapes ",
          "p": 3.1,
          "q": 1,
          "u": "u",
          "nw": { "t": 400, "u": "g" },
          "ppuom": "7.75/kg",
          "img": "https://groceries.morrisons.com/images-v3/4b85987b-1398-4173-a0c1-3546047c9d74/df3e3b16-8599-4ae2-a82c-4350cebd87be/300x300.jpg"
        },
        "114594046": {
          "n": "Explore Sable Seedless Grapes ",
          "p": 2.4,
          "q": 1,
          "u": "u",
          "nw": { "t": 400, "u": "g" },
          "ppuom": "6.00/kg",
          "img": "https://groceries.morrisons.com/images-v3/4b85987b-1398-4173-a0c1-3546047c9d74/687f1bd3-66cc-4d84-ad43-79a45d42d291/300x300.jpg"
        },
        "114768739": {
          "n": "Explore Muscat Beauty Grapes   400g",
          "p": 2.4,
          "q": 1,
          "u": "u",
          "nw": { "t": 400, "u": "g" },
          "ppuom": "6.00/kg",
          "img": "https://groceries.morrisons.com/images-v3/4b85987b-1398-4173-a0c1-3546047c9d74/178b7bfb-3103-49f4-aec5-c54926f7caed/300x300.jpg"
        },
        "114790469": {
          "n": "Explore Green Seedless Grapes    400g",
          "p": 2.4,
          "q": 1,
          "u": "u",
          "nw": { "t": 400, "u": "g" },
          "ppuom": "6.00/kg",
          "img": "https://groceries.morrisons.com/images-v3/4b85987b-1398-4173-a0c1-3546047c9d74/6f28c3d2-efda-48d9-b8b6-a086de0caacc/300x300.jpg"
        },
        "114790928": {
          "n": "Explore Red Seedless Grapes   400g",
          "p": 2.4,
          "q": 1,
          "u": "u",
          "nw": { "t": 400, "u": "g" },
          "ppuom": "6.00/kg",
          "img": "https://groceries.morrisons.com/images-v3/4b85987b-1398-4173-a0c1-3546047c9d74/0803ff68-2162-4478-9e90-1b460f82a6fe/300x300.jpg"
        },
        "114793547": {
          "n": "Explore Seedless Grapes Selection   800g",
          "p": 3.5,
          "q": 1,
          "u": "u",
          "nw": { "t": 800, "u": "g" },
          "ppuom": "4.38/kg",
          "img": "https://groceries.morrisons.com/images-v3/4b85987b-1398-4173-a0c1-3546047c9d74/24f594c3-00a1-4bd7-b7de-f4da33925aa7/300x300.jpg"
        }
      }
    },
    "kiwi": {
      "al": {
        "000000000000263643": {
          "n": "Ripe & Ready Kiwis",
          "p": 1.29,
          "q": 1,
          "u": "pac",
          "nw": { "t": 4, "u": "u" },
          "img": "https://dm.emea.cms.aldi.cx/is/image/aldiprodeu/product/jpg/scaleWidth/300/ab9cc7fe-15fe-47c3-b2de-2c9fc0973bff/{slug}"
        },
        "000000000000263719": {
          "n": "Kiwis",
          "p": 1.19,
          "q": 1,
          "u": "pac",
          "nw": { "t": 6, "u": "u" },
          "img": "https://dm.emea.cms.aldi.cx/is/image/aldiprodeu/product/jpg/scaleWidth/300/435d8b68-1fef-41ce-a951-afaa968142f0/{slug}"
        }
      },
      "as": {
        "2141895": {
          "n": "ASDA Soft & Sweet Kiwi Fruit",
          "p": 1.33,
          "u": "Each",
          "nw": { "t": 4, "u": "u" },
          "ppuom": "33.2p/each",
          "img": "https://ui.assets-asda.com:443/dm/27618868"
        },
        "910003095377": {
          "n": "JUST ESSENTIALS by ASDA Kiwis",
          "p": 1.19,
          "u": "Each",
          "nw": { "t": 6, "u": "u" },
          "ppuom": "19.8p/each",
          "img": "https://ui.assets-asda.com:443/dm/5054781580805"
        },
        "1000383235325": {
          "n": "ASDA Sweet & Tangy Kiwi, Melon & Strawberry 220g",
          "p": 2.08,
          "u": "Each",
          "nw": { "t": 220, "u": "g" },
          "ppuom": "£9.45/kg",
          "img": "https://ui.assets-asda.com:443/dm/5063089527672"
        },
        "1000231565879": {
          "n": "ASDA Organic Kiwi Fruit",
          "p": 1.88,
          "u": "Each",
          "nw": { "t": 4, "u": "u" },
          "ppuom": "47.0p/each",
          "img": "https://ui.assets-asda.com:443/dm/5057172445233"
        }
      },
      "tc": {
        "250317358": {
          "n": "Tesco Kiwi Fruits 6 Pack",
          "p": 1.19,
          "q": 1,
          "u": "u",
          "nw": { "t": 6, "u": "u" },
          "ppuom": "£0.20/each",
          "img": "https://digitalcontent.api.tesco.com/v2/media/ghs/eaa77e80-af36-419f-b45c-3e36e919e1c1/b0f22497-cff1-4189-87d3-f120313dcf48_1581651516.jpeg?h=225&w=225"
        },
        "252496118": {
          "n": "Tesco Perfectly Ripe Kiwi",
          "p": 1.4,
          "q": 1,
          "u": "u",
          "nw": { "t": 4, "u": "u" },
          "ppuom": "£0.35/each",
          "img": "https://digitalcontent.api.tesco.com/v2/media/ghs/106bed02-184c-4841-9baa-16e608db3f9f/b771f673-ea9c-4d40-942f-5cee6c9ff167.jpeg?h=225&w=225"
        },
        "317057528": {
          "n": "Zespri SunGold Kiwi 4pk",
          "p": 2.75,
          "q": 1,
          "u": "u",
          "nw": { "t": 4, "u": "u" },
          "ppuom": "£0.69/each",
          "img": "https://digitalcontent.api.tesco.com/v2/media/ghs/160b4c8e-bd3d-4007-8ab0-469b7a944f75/2ae07b9c-1a02-4ed3-92fa-d1e38eb5ac9f.jpeg?h=225&w=225"
        },
        "317546877": {
          "n": "Tesco Kiwi Fruit Pot 100g",
          "p": 1.5,
          "q": 1,
          "u": "u",
          "nw": { "t": 100, "u": "g" },
          "ppuom": "£15.00/kg",
          "img": "https://digitalcontent.api.tesco.com/v2/media/ghs/af46ecc2-18de-4986-acda-c503be7613ba/339a4f27-7f17-47e3-a6a7-b4bab5da9924.jpeg?h=225&w=225"
        },
        "317551907": {
          "n": "Zespri Jumbo Sungold Kiwifruit",
          "p": 0.95,
          "q": 1,
          "u": "u",
          "nw": { "t": 1, "u": "u" },
          "ppuom": "£0.95/each",
          "img": "https://digitalcontent.api.tesco.com/v2/media/ghs/ccb68509-4d74-4ea2-a7da-7f979f345aa0/2def4fe6-cdc0-4e76-b6fd-258ca93ac0ae.jpeg?h=225&w=225"
        }
      },
      "oc": {
        "313381011": {
          "n": "Wholegood Organic Kiwi Fruit",
          "p": 3.25,
          "q": 1,
          "u": "u",
          "nw": { "t": 6, "u": "u" },
          "ppuom": "0.542each",
          "img": "https://www.ocado.com/productImages/313/313381011_0_150x150.jpg"
        },
        "388737011": {
          "n": "Natoora Italian Red Kiwi Fruit",
          "p": 5.5,
          "q": 1,
          "u": "u",
          "nw": { "t": 3, "u": "u" },
          "ppuom": "1.83each",
          "img": "https://www.ocado.com/productImages/388/388737011_0_150x150.jpg"
        },
        "518304011": {
          "n": "M&S Collection Golden Kiwi Perfectly Ripe",
          "p": 3,
          "q": 1,
          "u": "u",
          "nw": { "t": 4, "u": "u" },
          "ppuom": "0.75each",
          "img": "https://www.ocado.com/productImages/518/518304011_0_150x150.jpg"
        },
        "518325011": {
          "n": "M&S Kiwi Perfectly Ripe",
          "p": 2.65,
          "q": 1,
          "u": "u",
          "nw": { "t": 4, "u": "u" },
          "ppuom": "0.663each",
          "img": "https://www.ocado.com/productImages/518/518325011_0_150x150.jpg"
        },
        "528835011": {
          "n": "M&S Organic Kiwi Fruit",
          "p": 2.5,
          "q": 1,
          "u": "u",
          "nw": { "t": 4, "u": "u" },
          "ppuom": "0.625each",
          "img": "https://www.ocado.com/productImages/528/528835011_0_150x150.jpg"
        },
        "528836011": {
          "n": "M&S Ripen at Home Kiwis",
          "p": 2,
          "q": 1,
          "u": "u",
          "nw": { "t": 450, "u": "g" },
          "ppuom": "4.44per kg",
          "img": "https://www.ocado.com/productImages/528/528836011_0_150x150.jpg"
        },
        "572199011": {
          "n": "Ocado Ripe & Ready Kiwi Fruit",
          "p": 1.5,
          "q": 1,
          "u": "u",
          "nw": { "t": 4, "u": "u" },
          "ppuom": "0.375each",
          "img": "https://www.ocado.com/productImages/572/572199011_0_150x150.jpg"
        },
        "601081011": {
          "n": "Ocado Organic Ripe & Ready Kiwi Fruit",
          "p": 2,
          "q": 1,
          "u": "u",
          "nw": { "t": 4, "u": "u" },
          "ppuom": "0.5each",
          "img": "https://www.ocado.com/productImages/601/601081011_0_150x150.jpg"
        },
        "632848011": {
          "n": "M&S Kiwi",
          "p": 2.8,
          "q": 1,
          "u": "u",
          "nw": { "t": 200, "u": "g" },
          "ppuom": "1.4per 100g",
          "img": "https://www.ocado.com/productImages/632/632848011_0_150x150.jpg"
        }
      },
      "ms": {
        "108409596": {
          "n": "Morrisons Loose Kiwi Fruit",
          "p": 0.3,
          "q": 1,
          "u": "u",
          "nw": { "t": 1, "u": "u" },
          "ppuom": "0.30/each",
          "img": "https://groceries.morrisons.com/images-v3/4b85987b-1398-4173-a0c1-3546047c9d74/77bf9b2e-9f2b-4a5f-abe7-a55553d41ad1/300x300.jpg"
        },
        "108409633": {
          "n": "Morrisons Ready To Eat Kiwi Fruit",
          "p": 1.29,
          "q": 1,
          "u": "u",
          "nw": { "t": 4, "u": "u" },
          "ppuom": "0.32/each",
          "img": "https://groceries.morrisons.com/images-v3/4b85987b-1398-4173-a0c1-3546047c9d74/ccaea885-7567-4086-9ad3-17ccba52e4b6/300x300.jpg"
        },
        "108409721": {
          "n": "Morrisons Kiwi",
          "p": 1.19,
          "q": 1,
          "u": "u",
          "nw": { "t": 6, "u": "u" },
          "ppuom": "0.20/each",
          "img": "https://groceries.morrisons.com/images-v3/4b85987b-1398-4173-a0c1-3546047c9d74/8e7e5c26-2ba7-4215-93e4-e2559f0b6e7b/300x300.jpg"
        },
        "113423421": {
          "n": "Morrisons The Best Golden Kiwis",
          "p": 2.5,
          "q": 1,
          "u": "u",
          "nw": { "t": 4, "u": "u" },
          "ppuom": "0.63/each",
          "img": "https://groceries.morrisons.com/images-v3/4b85987b-1398-4173-a0c1-3546047c9d74/f2e4a827-2d25-4a81-96de-fdcefef8290f/300x300.jpg"
        }
      }
    },
    "lemon": {
      "al": {
        "000000000000268419": {
          "n": "Unwaxed Lemons",
          "p": 0.99,
          "q": 1,
          "u": "pac",
          "nw": { "t": 4, "u": "u" },
          "img": "https://dm.emea.cms.aldi.cx/is/image/aldiprodeu/product/jpg/scaleWidth/300/7898ef9f-593b-47ee-94e6-1bd70bfd756f/{slug}"
        },
        "000000000000268496": {
          "n": "Wonky Lemons",
          "p": 0.79,
          "q": 1,
          "u": "pac",
          "nw": { "t": 4, "u": "u" },
          "img": "https://dm.emea.cms.aldi.cx/is/image/aldiprodeu/product/jpg/scaleWidth/300/15e4b503-386a-4a01-a0f6-12c4730502ec/{slug}"
        }
      },
      "as": {
        "24662": {
          "n": "ASDA Loose Lemon",
          "p": 0.28,
          "u": "Each",
          "nw": { "t": 1, "u": "u" },
          "ppuom": "28.0p/each",
          "img": "https://ui.assets-asda.com:443/dm/0000000006194"
        },
        "1000235368556": {
          "n": "ASDA Tangy & Zesty Lemons",
          "p": 1.12,
          "u": "Each",
          "nw": { "t": 4, "u": "u" },
          "ppuom": "28.0p/each",
          "img": "https://ui.assets-asda.com:443/dm/5057172445370"
        },
        "1000383189979": {
          "n": "ASDA 3 Large Unwaxed Lemons",
          "p": 1.26,
          "u": "Each",
          "nw": { "t": 3, "u": "u" },
          "ppuom": "42.0p/each",
          "img": "https://ui.assets-asda.com:443/dm/5063089133668"
        },
        "1000383189957": {
          "n": "ASDA Extra Special LemonGold 4 Seedless Lemons",
          "p": 1.46,
          "u": "Each",
          "nw": { "t": 4, "u": "u" },
          "ppuom": "36.5p/each",
          "img": "https://ui.assets-asda.com:443/dm/5063089133644"
        }
      },
      "tc": {
        "252201146": {
          "n": "Tesco Organic Unwaxed Lemons Minimum 3 Pack",
          "p": 1.9,
          "q": 1,
          "u": "u",
          "nw": { "t": 3, "u": "u" },
          "ppuom": "£0.63/each",
          "img": "https://digitalcontent.api.tesco.com/v2/media/ghs/0218e6ac-64a1-41a3-b72a-52790ded8e34/bb9ff860-3d82-436a-a6c3-5e4791a52cf6.jpeg?h=225&w=225"
        },
        "253556398": {
          "n": "Tesco Lemons Each",
          "p": 0.3,
          "q": 1,
          "u": "u",
          "nw": { "t": 1, "u": "u" },
          "ppuom": "£0.30/each",
          "img": "https://digitalcontent.api.tesco.com/v2/media/ghs/485720e4-3f39-4a10-9c1e-c222246be928/607406e9-6108-4348-ab3f-1df0a84c89c8.jpeg?h=225&w=225"
        },
        "257875814": {
          "n": "Tesco Lemons 4 Pack",
          "p": 1.2,
          "q": 1,
          "u": "u",
          "nw": { "t": 4, "u": "u" },
          "ppuom": "£0.30/each",
          "img": "https://digitalcontent.api.tesco.com/v2/media/ghs/47a1ef43-288f-4b90-924e-1cb0e5e85613/0d4d875d-295c-4ccc-8786-421c1dc5e0b6_286674398.jpeg?h=225&w=225"
        },
        "292216045": {
          "n": "Suntrail Farms Price Lemons Minimum 4 Pack",
          "p": 0.79,
          "q": 1,
          "u": "u",
          "nw": { "t": 4, "u": "u" },
          "ppuom": "£0.20/each",
          "img": "https://digitalcontent.api.tesco.com/v2/media/ghs/9190a6b9-193e-411c-b3bb-ff060a537e70/2146f189-fe6a-452d-9b9e-4a4cf4dfa208_1339349866.jpeg?h=225&w=225"
        },
        "309172075": {
          "n": "Jaffa Seedless Lemons 4 Pack",
          "p": 2.1,
          "q": 1,
          "u": "u",
          "nw": { "t": 4, "u": "u" },
          "ppuom": "£0.52/each",
          "img": "https://digitalcontent.api.tesco.com/v2/media/ghs/662cf2bd-b0f8-4430-8213-23fa6c9486ca/5e417687-2368-4f9d-9b2d-53d0f5fe3859.jpeg?h=225&w=225"
        },
        "317291019": {
          "n": "Tesco Lemon and Limes 6 Pack",
          "p": 1.5,
          "q": 1,
          "u": "u",
          "nw": { "t": 6, "u": "u" },
          "ppuom": "£0.25/each",
          "img": "https://digitalcontent.api.tesco.com/v2/media/ghs-mktg/b0b04216-fa73-466d-a9d7-c9fcfa1ce9b3/no-image.jpeg"
        }
      },
      "oc": {
        "47305011": {
          "n": "Ocado Lemons",
          "p": 1.5,
          "q": 1,
          "u": "u",
          "nw": { "t": 5, "u": "u" },
          "ppuom": "0.3each",
          "img": "https://www.ocado.com/productImages/473/47305011_0_150x150.jpg"
        },
        "66484011": {
          "n": "Natoora Italian Large Unwaxed Lemons",
          "p": 3.4,
          "q": 1,
          "u": "u",
          "nw": { "t": 350, "u": "g" },
          "ppuom": "9.71per kg",
          "img": "https://www.ocado.com/productImages/664/66484011_0_150x150.jpg"
        },
        "66579011": {
          "n": "Ocado Unwaxed Lemons",
          "p": 1.7,
          "q": 1,
          "u": "u",
          "nw": { "t": 5, "u": "u" },
          "ppuom": "0.34each",
          "img": "https://www.ocado.com/productImages/665/66579011_0_150x150.jpg"
        },
        "91360011": {
          "n": "Wholegood Organic Unwaxed Lemons",
          "p": 2,
          "q": 1,
          "u": "u",
          "nw": { "t": 3, "u": "u" },
          "ppuom": "0.667each",
          "img": "https://www.ocado.com/productImages/913/91360011_0_150x150.jpg"
        },
        "324820011": {
          "n": "Natoora Italian Organic Unwaxed Lemons",
          "p": 2.65,
          "q": 1,
          "u": "u",
          "nw": { "t": 2, "u": "u" },
          "ppuom": "1.33each",
          "img": "https://www.ocado.com/productImages/324/324820011_0_150x150.jpg"
        },
        "354420011": {
          "n": "OrchardWorld Lemon, Lime & Orange Box",
          "p": 4.75,
          "q": 1,
          "u": "u",
          "nw": { "t": 12, "u": "u" },
          "ppuom": "0.396each",
          "img": "https://www.ocado.com/productImages/354/354420011_0_150x150.jpg"
        },
        "410131011": {
          "n": "Ocado Lemon & Limes",
          "p": 1.5,
          "q": 1,
          "u": "u",
          "nw": { "t": 6, "u": "u" },
          "ppuom": "0.25each",
          "img": "https://www.ocado.com/productImages/410/410131011_0_150x150.jpg"
        },
        "518256011": {
          "n": "M&S Lemon & Limes",
          "p": 1.75,
          "q": 1,
          "u": "u",
          "nw": { "t": 6, "u": "u" },
          "ppuom": "0.292each",
          "img": "https://www.ocado.com/productImages/518/518256011_0_150x150.jpg"
        },
        "518291011": {
          "n": "M&S Unwaxed Lemons",
          "p": 1.75,
          "q": 1,
          "u": "u",
          "nw": { "t": 4, "u": "u" },
          "ppuom": "0.438each",
          "img": "https://www.ocado.com/productImages/518/518291011_0_150x150.jpg"
        },
        "524028011": {
          "n": "M&S Lemons",
          "p": 1.5,
          "q": 1,
          "u": "u",
          "nw": { "t": 5, "u": "u" },
          "ppuom": "0.3each",
          "img": "https://www.ocado.com/productImages/524/524028011_0_150x150.jpg"
        },
        "528793011": {
          "n": "M&S Organic Unwaxed Lemons",
          "p": 2.1,
          "q": 1,
          "u": "u",
          "nw": { "t": 3, "u": "u" },
          "ppuom": "0.7each",
          "img": "https://www.ocado.com/productImages/528/528793011_0_150x150.jpg"
        },
        "543054011": {
          "n": "Ocado Lemons Twin Pack",
          "p": 0.75,
          "q": 1,
          "u": "u",
          "nw": { "t": 2, "u": "u" },
          "ppuom": "0.375each",
          "img": "https://www.ocado.com/productImages/543/543054011_0_150x150.jpg"
        },
        "572211011": {
          "n": "Ocado Organic Unwaxed  Lemons",
          "p": 1.9,
          "q": 1,
          "u": "u",
          "nw": { "t": 3, "u": "u" },
          "ppuom": "0.633each",
          "img": "https://www.ocado.com/productImages/572/572211011_0_150x150.jpg"
        },
        "660123011": {
          "n": "OrchardWorld Unwaxed Amalfi Lemons",
          "p": 4,
          "q": 1,
          "u": "u",
          "nw": { "t": 750, "u": "g" },
          "ppuom": "5.33per kg",
          "img": "https://www.ocado.com/productImages/660/660123011_0_150x150.jpg"
        }
      },
      "ms": {
        "108379999": {
          "n": "Morrisons Loose Lemon",
          "p": 0.3,
          "q": 1,
          "u": "u",
          "nw": { "t": 1, "u": "u" },
          "ppuom": "0.30/each",
          "img": "https://groceries.morrisons.com/images-v3/4b85987b-1398-4173-a0c1-3546047c9d74/9931427b-81ce-425e-8ba1-903c1f9a9ee0/300x300.jpg"
        },
        "108447066": {
          "n": "Morrisons Lemons & Limes",
          "p": 1.5,
          "q": 1,
          "u": "u",
          "nw": { "t": 6, "u": "u" },
          "ppuom": "0.25/each",
          "img": "https://groceries.morrisons.com/images-v3/4b85987b-1398-4173-a0c1-3546047c9d74/e60b064e-3a2a-4d35-8efb-fc3096d1a42e/300x300.jpg"
        },
        "110285318": {
          "n": "Morrisons Unwaxed Lemons   4 Pack",
          "p": 0.99,
          "q": 1,
          "u": "u",
          "nw": { "t": 4, "u": "u" },
          "ppuom": "0.25/each",
          "img": "https://groceries.morrisons.com/images-v3/4b85987b-1398-4173-a0c1-3546047c9d74/3e76fa0a-9e29-485a-b021-4455d2142d90/300x300.jpg"
        },
        "112773331": {
          "n": "Morrisons Organic Lemons",
          "p": 1.9,
          "q": 1,
          "u": "u",
          "nw": { "t": 3, "u": "u" },
          "ppuom": "0.63/each",
          "img": "https://groceries.morrisons.com/images-v3/4b85987b-1398-4173-a0c1-3546047c9d74/a2a758e8-3015-4f32-b65a-24b0778ae32e/300x300.jpg"
        },
        "112839847": {
          "n": "Morrisons The Best Seedless Unwaxed Lemons",
          "p": 1.25,
          "q": 1,
          "u": "u",
          "nw": { "t": 3, "u": "u" },
          "ppuom": "0.42/each",
          "img": "https://groceries.morrisons.com/images-v3/4b85987b-1398-4173-a0c1-3546047c9d74/6adc73e4-8748-4d68-86e1-a0aa8d33f4c4/300x300.jpg"
        },
        "113608653": {
          "n": "Morrisons The Best Unwaxed Seedless Lemons With Leaf ",
          "p": 1.5,
          "q": 1,
          "u": "u",
          "nw": { "t": 4, "u": "u" },
          "ppuom": "0.38/each",
          "img": "https://groceries.morrisons.com/images-v3/4b85987b-1398-4173-a0c1-3546047c9d74/35664ded-89c5-40a0-a20c-2fbb44b9c554/300x300.jpg"
        },
        "113742641": {
          "n": "Morrisons Savers Lemons",
          "p": 0.79,
          "q": 1,
          "u": "u",
          "nw": { "t": 4, "u": "u" },
          "ppuom": "0.20/each",
          "img": "https://groceries.morrisons.com/images-v3/4b85987b-1398-4173-a0c1-3546047c9d74/13f1c77f-ad42-4a39-a391-d69ecee08239/300x300.jpg"
        }
      }
    },
    "mango": {
      "al": {
        "000000000000264487": {
          "n": "Large Mango",
          "p": 0.69,
          "q": 1,
          "u": "ea",
          "nw": { "t": 1, "u": "u" },
          "img": "https://dm.emea.cms.aldi.cx/is/image/aldiprodeu/product/jpg/scaleWidth/300/1179d1ec-f1f7-4dde-aede-71e130393e51/{slug}"
        },
        "000000000000264490": {
          "n": "Ripe & Ready Mangoes",
          "p": 1.69,
          "q": 1,
          "u": "pac",
          "nw": { "t": 2, "u": "u" },
          "img": "https://dm.emea.cms.aldi.cx/is/image/aldiprodeu/product/jpg/scaleWidth/300/64bce3f6-27a9-486c-969e-d13364b596c8/{slug}"
        },
        "000000000000488937": {
          "n": "Mango Chunks",
          "p": 2.19,
          "q": 1,
          "u": "ea",
          "nw": { "t": 240, "u": "g" },
          "img": "https://dm.emea.cms.aldi.cx/is/image/aldiprodeu/product/jpg/scaleWidth/300/7f606629-cf5d-46b7-9edd-5d89947dd889/{slug}"
        }
      },
      "as": {
        "2140792": {
          "n": "ASDA Ready to Eat Tropical & Sweet Large Mango (Typically 350g)",
          "p": 0.74,
          "u": "Each",
          "nw": { "t": 1, "u": "u" },
          "ppuom": "74.0p/each",
          "img": "https://ui.assets-asda.com:443/dm/5052449518429"
        },
        "910000357365": {
          "n": "ASDA Juicy & Sweet Mango Fingers",
          "p": 1.56,
          "u": "Each",
          "nw": { "t": 140, "u": "g" },
          "ppuom": "£11.14/kg",
          "img": "https://ui.assets-asda.com:443/dm/5052449024913"
        },
        "1000375279858": {
          "n": "ASDA Dried Mango 75g",
          "p": 1.67,
          "u": "Each",
          "nw": { "t": 75, "u": "g" },
          "ppuom": "£2.23/100g",
          "img": "https://ui.assets-asda.com:443/dm/5057172924349"
        },
        "910002857440": {
          "n": "ASDA Juicy & Sweet Mango Chunks",
          "p": 2.63,
          "u": "Each",
          "nw": { "t": 275, "u": "g" },
          "ppuom": "£9.56/kg",
          "img": "https://ui.assets-asda.com:443/dm/5054781315995"
        },
        "910000297738": {
          "n": "ASDA Tropical & Sweet Mangoes (Each Mango Typically 300g)",
          "p": 1.77,
          "u": "Each",
          "nw": { "t": 2, "u": "u" },
          "ppuom": "88.5p/each",
          "img": "https://ui.assets-asda.com:443/dm/5050854626494"
        }
      },
      "tc": {
        "255805844": {
          "n": "Tesco Perfectly Ripe Mango",
          "p": 0.89,
          "q": 1,
          "u": "u",
          "nw": { "t": 1, "u": "u" },
          "ppuom": "£0.89/each",
          "img": "https://digitalcontent.api.tesco.com/v2/media/ghs/285ba6a8-4b49-454b-9bde-621010ea4918/fd4287f9-eb1b-42fb-8017-8ac0428564d9.jpeg?h=225&w=225"
        },
        "260276321": {
          "n": "Tesco Ripe & Ready Mango Twin Pack",
          "p": 1.9,
          "q": 1,
          "u": "u",
          "nw": { "t": 2, "u": "u" },
          "ppuom": "£0.95/each",
          "img": "https://digitalcontent.api.tesco.com/v2/media/ghs/e6c88db7-dac3-4fd6-8029-46b1422c8373/b7f6e245-4df5-4fce-a9e0-7fffcdff6c3b.jpeg?h=225&w=225"
        },
        "260733201": {
          "n": "Tesco Dried Mango 100G",
          "p": 2.55,
          "q": 1,
          "u": "u",
          "nw": { "t": 100, "u": "g" },
          "ppuom": "£25.50/kg",
          "img": "https://digitalcontent.api.tesco.com/v2/media/ghs/74e5870f-035f-4500-b821-2c13908f5c10/ea86114f-8e31-4c9e-8ebb-af056d8de825.jpeg?h=225&w=225"
        },
        "299045691": {
          "n": "Tesco Mango Chunks 120G",
          "p": 1.4,
          "q": 1,
          "u": "u",
          "nw": { "t": 120, "u": "g" },
          "ppuom": "£11.67/kg",
          "img": "https://digitalcontent.api.tesco.com/v2/media/ghs/773842d1-3980-4165-82cf-920b1e4c14be/3d9aeba5-9332-4fdb-93e8-f1489a164cf8.jpeg?h=225&w=225"
        },
        "299045731": {
          "n": "Tesco Mango Chunks 120G",
          "p": 1.4,
          "q": 1,
          "u": "u",
          "nw": { "t": 120, "u": "g" },
          "ppuom": "£11.67/kg",
          "img": "https://digitalcontent.api.tesco.com/v2/media/ghs/22bed6b8-1cb5-4186-a2b2-d13355a421bc/5d67190d-22c6-4c84-a3db-b16ffc138a1c.jpeg?h=225&w=225"
        },
        "302685683": {
          "n": "Tesco Snack Pack Mango 35G",
          "p": 1.15,
          "q": 1,
          "u": "u",
          "nw": { "t": 35, "u": "g" },
          "ppuom": "£32.86/kg",
          "img": "https://digitalcontent.api.tesco.com/v2/media/ghs/c27d03d2-aaeb-43d2-891e-a5f8e21860df/ce2e8b0a-596b-4c6c-8319-1bfd0ccf19e1.jpeg?h=225&w=225"
        },
        "302987699": {
          "n": "Tesco Mango 250G",
          "p": 2.5,
          "q": 1,
          "u": "u",
          "nw": { "t": 250, "u": "g" },
          "ppuom": "£10.00/kg",
          "img": "https://digitalcontent.api.tesco.com/v2/media/ghs/547b3988-3c37-40ec-b8ad-726cd22e494e/67cb1281-e300-4311-ad36-8ce5c53e929c.jpeg?h=225&w=225"
        },
        "302987988": {
          "n": "Tesco Mango 250G",
          "p": 2.5,
          "q": 1,
          "u": "u",
          "nw": { "t": 250, "u": "g" },
          "ppuom": "£10.00/kg",
          "img": "https://digitalcontent.api.tesco.com/v2/media/ghs/0eb1b56f-3746-4e8c-9c2e-7a13661c1005/a943052d-78cd-4f1c-88bf-4dbbf98fdadb.jpeg?h=225&w=225"
        },
        "305056231": {
          "n": "Tesco Mango 450G",
          "p": 4,
          "q": 1,
          "u": "u",
          "nw": { "t": 450, "u": "g" },
          "ppuom": "£8.89/kg",
          "img": "https://digitalcontent.api.tesco.com/v2/media/ghs/0e2afdeb-4fd9-4564-9193-461c3f8175a2/be6e1d51-21f1-4d5d-9360-2aa7458a9e70.jpeg?h=225&w=225"
        },
        "309472739": {
          "n": "Tesco Watermelon & Mango 230G",
          "p": 2.5,
          "q": 1,
          "u": "u",
          "nw": { "t": 230, "u": "g" },
          "ppuom": "£10.87/kg",
          "img": "https://digitalcontent.api.tesco.com/v2/media/ghs/5920d4c4-fc16-4ad9-84df-06d7d359e1d2/7ef342c4-51f5-4e8e-a854-d12cb9b289d3.jpeg?h=225&w=225"
        },
        "309765128": {
          "n": "Tesco Finest Lime Infused Mango 100G",
          "p": 3.6,
          "q": 1,
          "u": "u",
          "nw": { "t": 100, "u": "g" },
          "ppuom": "£36.00/kg",
          "img": "https://digitalcontent.api.tesco.com/v2/media/ghs/0fcf1219-c41d-450f-ab5c-dbed5796c6c5/b3cb4def-e6f7-46d2-8299-af77eb1817d5_525633470.jpeg?h=225&w=225"
        },
        "316309066": {
          "n": "Tesco Mango & Passion Fruit Pot 250g",
          "p": 2.75,
          "q": 1,
          "u": "u",
          "nw": { "t": 250, "u": "g" },
          "ppuom": "£11.00/kg",
          "img": "https://digitalcontent.api.tesco.com/v2/media/ghs/e24d0c1b-4e53-4e39-a9d9-99e952310b56/81ee8301-b845-426e-9ef7-792f57e72a6e.jpeg?h=225&w=225"
        },
        "321053544": {
          "n": "Tesco, Mango, Watermelon, Pomegranate & Lime 145g",
          "p": 1.5,
          "q": 1,
          "u": "u",
          "nw": { "t": 145, "u": "g" },
          "ppuom": "£10.34/kg",
          "img": "https://digitalcontent.api.tesco.com/v2/media/ghs/72d460c7-0484-4e12-8b09-efc8a587279b/68ce0c33-1960-45a9-989c-c390ec989186.jpeg?h=225&w=225"
        }
      },
      "oc": {
        "73010011": {
          "n": "Ocado Ripen at Home Giant Mango",
          "p": 1.4,
          "q": 1,
          "u": "u",
          "nw": { "t": 1, "u": "u" },
          "ppuom": null,
          "img": "https://www.ocado.com/productImages/730/73010011_0_150x150.jpg"
        },
        "90962011": {
          "n": "Natoora Sweet Indian Alphonso Mangoes",
          "p": 9.5,
          "q": 1,
          "u": "u",
          "nw": { "t": 2, "u": "u" },
          "ppuom": "4.75each",
          "img": "https://www.ocado.com/productImages/909/90962011_0_150x150.jpg"
        },
        "200592011": {
          "n": "Love Me Tender Perfectly Ripe Mangoes",
          "p": 3.7,
          "q": 1,
          "u": "u",
          "nw": { "t": 2, "u": "u" },
          "ppuom": "1.85each",
          "img": "https://www.ocado.com/productImages/200/200592011_0_150x150.jpg"
        },
        "517821011": {
          "n": "M&S Mango & Berry Medley",
          "p": 3.9,
          "q": 1,
          "u": "u",
          "nw": { "t": 250, "u": "g" },
          "ppuom": "15.6per kg",
          "img": "https://www.ocado.com/productImages/517/517821011_0_150x150.jpg"
        },
        "518274011": {
          "n": "M&S Watermelon & Mango Fingers",
          "p": 3.65,
          "q": 1,
          "u": "u",
          "nw": { "t": 300, "u": "g" },
          "ppuom": "12.17per kg",
          "img": "https://www.ocado.com/productImages/518/518274011_0_150x150.jpg"
        },
        "518275011": {
          "n": "M&S Mango Chunks",
          "p": 3.65,
          "q": 1,
          "u": "u",
          "nw": { "t": 300, "u": "g" },
          "ppuom": "12.17per kg",
          "img": "https://www.ocado.com/productImages/518/518275011_0_150x150.jpg"
        },
        "518333011": {
          "n": "M&S Mango Fingers",
          "p": 4.75,
          "q": 1,
          "u": "u",
          "nw": { "t": 450, "u": "g" },
          "ppuom": "10.56per kg",
          "img": "https://www.ocado.com/productImages/518/518333011_0_150x150.jpg"
        },
        "520421011": {
          "n": "M&S Mango Chunks",
          "p": 2.5,
          "q": 1,
          "u": "u",
          "nw": { "t": 200, "u": "g" },
          "ppuom": "12.5per kg",
          "img": "https://www.ocado.com/productImages/520/520421011_0_150x150.jpg"
        },
        "528832011": {
          "n": "M&S 2 Mangoes Perfectly Ripe",
          "p": 3,
          "q": 1,
          "u": "u",
          "nw": { "t": 2, "u": "u" },
          "ppuom": "1.5each",
          "img": "https://www.ocado.com/productImages/528/528832011_0_150x150.jpg"
        },
        "532053011": {
          "n": "M&S Mango, Melon & Watermelon",
          "p": 3.9,
          "q": 1,
          "u": "u",
          "nw": { "t": 300, "u": "g" },
          "ppuom": "13per kg",
          "img": "https://www.ocado.com/productImages/532/532053011_0_150x150.jpg"
        },
        "581670011": {
          "n": "Ocado Twin Pack Ripe & Ready Mangoes",
          "p": 2.2,
          "q": 1,
          "u": "u",
          "nw": { "t": 2, "u": "u" },
          "ppuom": "1.1each",
          "img": "https://www.ocado.com/productImages/581/581670011_0_150x150.jpg"
        },
        "586818011": {
          "n": "M&S Mango Chunks",
          "p": 4.5,
          "q": 1,
          "u": "u",
          "nw": { "t": 450, "u": "g" },
          "ppuom": "10per kg",
          "img": "https://www.ocado.com/productImages/586/586818011_0_150x150.jpg"
        },
        "612701011": {
          "n": "M&S Sunshine Mango Chunks",
          "p": 3.65,
          "q": 1,
          "u": "u",
          "nw": { "t": 250, "u": "g" },
          "ppuom": "14.6per kg",
          "img": "https://www.ocado.com/productImages/612/612701011_0_150x150.jpg"
        }
      },
      "ms": {
        "105099027": {
          "n": "Morrisons Dried Mango",
          "p": 1.11,
          "q": 1,
          "u": "u",
          "nw": { "t": 80, "u": "g" },
          "ppuom": "1.39/100gram",
          "img": "https://groceries.morrisons.com/images-v3/4b85987b-1398-4173-a0c1-3546047c9d74/c861ba8c-47f9-43f6-8676-97cf47941723/300x300.jpg"
        },
        "108409342": {
          "n": "Morrisons Ripe & Ready To Eat Mango",
          "p": 1.69,
          "q": 1,
          "u": "u",
          "nw": { "t": 2, "u": "u" },
          "ppuom": "0.85/each",
          "img": "https://groceries.morrisons.com/images-v3/4b85987b-1398-4173-a0c1-3546047c9d74/03218dfe-8c53-4949-8440-250b7859062f/300x300.jpg"
        },
        "109111492": {
          "n": "Morrisons Ready To Eat Loose Mango",
          "p": 0.85,
          "q": 1,
          "u": "u",
          "nw": { "t": 1, "u": "u" },
          "ppuom": "0.85/each",
          "img": "https://groceries.morrisons.com/images-v3/4b85987b-1398-4173-a0c1-3546047c9d74/12f99fea-8dd7-4400-9360-003cae4f8f94/300x300.jpg"
        },
        "110524788": {
          "n": "Morrisons Mango ",
          "p": 2.4,
          "q": 1,
          "u": "u",
          "nw": { "t": 240, "u": "g" },
          "ppuom": "10.00/kg",
          "img": "https://groceries.morrisons.com/images-v3/4b85987b-1398-4173-a0c1-3546047c9d74/734fbdbf-d22d-4687-8c21-879146b4384a/300x300.jpg"
        },
        "112921779": {
          "n": "Morrisons Ripen At Home Mangoes",
          "p": 2.5,
          "q": 1,
          "u": "u",
          "nw": { "t": 1000, "u": "g" },
          "ppuom": "2.50/kg",
          "img": "https://groceries.morrisons.com/images-v3/4b85987b-1398-4173-a0c1-3546047c9d74/42853549-e267-4fdc-b725-816321805047/300x300.jpg"
        },
        "112988501": {
          "n": "Morrisons Mango Chunks   120g",
          "p": 1.35,
          "q": 1,
          "u": "u",
          "nw": { "t": 120, "u": "g" },
          "ppuom": "1.12/100gram",
          "img": "https://groceries.morrisons.com/images-v3/4b85987b-1398-4173-a0c1-3546047c9d74/0338fdf0-9ca0-4f0c-b4bc-1cc088822de1/300x300.jpg"
        },
        "113781552": {
          "n": "Love Me Tender Mango ",
          "p": 1.4,
          "q": 1,
          "u": "u",
          "nw": { "t": 130, "u": "g" },
          "ppuom": "1.08/100gram",
          "img": "https://groceries.morrisons.com/images-v3/4b85987b-1398-4173-a0c1-3546047c9d74/f91222ca-96af-4210-bedd-3b5e00b03d6c/300x300.jpg"
        },
        "113876295": {
          "n": "Morrisons Mango Fingers ",
          "p": 3.25,
          "q": 1,
          "u": "u",
          "nw": { "t": 350, "u": "g" },
          "ppuom": "0.93/100gram",
          "img": "https://groceries.morrisons.com/images-v3/4b85987b-1398-4173-a0c1-3546047c9d74/81bb696d-3fe1-494c-8b30-5dac3828b3a1/300x300.jpg"
        },
        "114130268": {
          "n": "Morrisons Dried Mango ",
          "p": 1,
          "q": 1,
          "u": "u",
          "nw": { "t": 35, "u": "g" },
          "ppuom": "28.57/kg",
          "img": "https://groceries.morrisons.com/images-v3/4b85987b-1398-4173-a0c1-3546047c9d74/444c71e4-ecae-4682-a235-1145c35f5553/300x300.jpg"
        },
        "114138526": {
          "n": "Morrisons The Best Soft Dried Mango Slices ",
          "p": 3,
          "q": 1,
          "u": "u",
          "nw": { "t": 125, "u": "g" },
          "ppuom": "2.40/100gram",
          "img": "https://groceries.morrisons.com/images-v3/4b85987b-1398-4173-a0c1-3546047c9d74/d8cc7e74-eee1-46c9-8860-4c7eb6439ce1/300x300.jpg"
        },
        "114616954": {
          "n": "Morrisons Mango Chunks   450g",
          "p": 4,
          "q": 1,
          "u": "u",
          "nw": { "t": 450, "u": "g" },
          "ppuom": "0.89/100gram",
          "img": "https://groceries.morrisons.com/images-v3/4b85987b-1398-4173-a0c1-3546047c9d74/b3db94fc-619c-45f2-bd13-6b9de82c8259/300x300.jpg"
        },
        "114768211": {
          "n": "Morrisons Mango, Watermelon & Lime 240g",
          "p": 2.5,
          "q": 1,
          "u": "u",
          "nw": { "t": 240, "u": "g" },
          "ppuom": "10.42/kg",
          "img": "https://groceries.morrisons.com/images-v3/4b85987b-1398-4173-a0c1-3546047c9d74/1331986b-e214-489b-8145-a9e5c625a570/300x300.jpg"
        }
      }
    },
    "melon": {
      "al": {
        "000000000000265489": {
          "n": "Galia Melon",
          "p": 1.79,
          "q": 1,
          "u": "ea",
          "nw": { "t": 1, "u": "u" },
          "img": "https://dm.emea.cms.aldi.cx/is/image/aldiprodeu/product/jpg/scaleWidth/300/7fbd6ffc-42d4-4493-a47b-99da8823a7e3/{slug}"
        },
        "000000000000457927": {
          "n": "Honeydew Melon",
          "p": 1.89,
          "q": 1,
          "u": "ea",
          "nw": { "t": 1, "u": "u" },
          "img": "https://dm.emea.cms.aldi.cx/is/image/aldiprodeu/product/jpg/scaleWidth/300/f5b3e86e-19c7-49e2-82bd-de3fe8638606/{slug}"
        },
        "000000000000471024": {
          "n": "Melon Medley",
          "p": 1.79,
          "q": 1,
          "u": "ea",
          "nw": { "t": 300, "u": "g" },
          "img": "https://dm.emea.cms.aldi.cx/is/image/aldiprodeu/product/jpg/scaleWidth/300/77d8c732-178b-45bc-8b7a-ac9868615251/{slug}"
        },
        "000000000000528371": {
          "n": "Watermelon Fans",
          "p": 1.45,
          "q": 1,
          "u": "ea",
          "nw": { "t": 300, "u": "g" },
          "img": "https://dm.emea.cms.aldi.cx/is/image/aldiprodeu/product/jpg/scaleWidth/300/f1e88425-0730-4e11-98b5-1852394f8e90/{slug}"
        }
      },
      "as": {
        "30798": {
          "n": "ASDA Sweet & Juicy Melon Slices",
          "p": 2.14,
          "u": "Each",
          "nw": { "t": 400, "u": "g" },
          "ppuom": "£5.35/kg",
          "img": "https://ui.assets-asda.com:443/dm/0000023032194"
        },
        "479953": {
          "n": "ASDA Galia Melon",
          "p": 1.88,
          "u": "Each",
          "nw": { "t": 1, "u": "u" },
          "ppuom": "£1.88/each",
          "img": "https://ui.assets-asda.com:443/dm/5050854251702"
        },
        "15832688": {
          "n": "ASDA Sweet & Refreshing Honeydew Melon",
          "p": 1.89,
          "u": "Each",
          "nw": { "t": 1, "u": "u" },
          "ppuom": "£1.89/each",
          "img": "https://ui.assets-asda.com:443/dm/0000027307250"
        },
        "910001418500": {
          "n": "ASDA Crisp & Juicy Watermelon Slices",
          "p": 0.44,
          "u": "Each",
          "nw": { "t": 95, "u": "g" },
          "ppuom": "£4.63/kg",
          "img": "https://ui.assets-asda.com:443/dm/5054070299104"
        },
        "910003199339": {
          "n": "ASDA Crisp & Juicy Watermelon Fans",
          "p": 1.56,
          "u": "Each",
          "nw": { "t": 300, "u": "g" },
          "ppuom": "£5.20/kg",
          "img": "https://ui.assets-asda.com:443/dm/5054781581529"
        },
        "1000383171638": {
          "n": "ASDA Crisp & Juicy Watermelon Fingers",
          "p": 3.53,
          "u": "Each",
          "nw": { "t": 500, "u": "g" },
          "ppuom": "£7.06/kg",
          "img": "https://ui.assets-asda.com:443/dm/5063089132975"
        },
        "1000285582838": {
          "n": "ASDA Crisp & Juicy Watermelon Chunks",
          "p": 1.98,
          "u": "Each",
          "nw": { "t": 250, "u": "g" },
          "ppuom": "£7.92/kg",
          "img": "https://ui.assets-asda.com:443/dm/5057172551347"
        },
        "1000383230313": {
          "n": "ASDA Juicy & Refreshing Melon Fingers 450g",
          "p": 3.32,
          "u": "Each",
          "nw": { "t": 450, "u": "g" },
          "ppuom": "£7.38/kg",
          "img": "https://ui.assets-asda.com:443/dm/5063089527306"
        },
        "1000017779746": {
          "n": "ASDA Sweet & Juicy Melon Medley",
          "p": 2.83,
          "u": "Each",
          "nw": { "t": 380, "u": "g" },
          "ppuom": "£7.45/kg",
          "img": "https://ui.assets-asda.com:443/dm/5054781744023"
        }
      },
      "tc": {
        "254384645": {
          "n": "Tesco Honeydew Melon",
          "p": 1.89,
          "q": 1,
          "u": "u",
          "nw": { "t": 1, "u": "u" },
          "ppuom": "£1.89/each",
          "img": "https://digitalcontent.api.tesco.com/v2/media/ghs/14e00a9d-dda2-4944-a212-59d6eb04e561/83e7037f-96ad-40d9-8f36-4a850c47439f.jpeg?h=225&w=225"
        },
        "254385356": {
          "n": "Tesco Galia Melon Each",
          "p": 2,
          "q": 1,
          "u": "u",
          "nw": { "t": 1, "u": "u" },
          "ppuom": "£2.00/each",
          "img": "https://digitalcontent.api.tesco.com/v2/media/ghs/26a49743-f2e3-4389-ab34-da90f38edd64/12d33db0-6d54-41ee-8824-71f3e76223b7.jpeg?h=225&w=225"
        },
        "254638605": {
          "n": "Tesco Watermelon",
          "p": 3.5,
          "q": 1,
          "u": "u",
          "nw": { "t": 1, "u": "u" },
          "ppuom": "£3.50/each",
          "img": "https://digitalcontent.api.tesco.com/v2/media/ghs/2a63b50d-10db-48cf-8b4c-31798c33132a/936551e6-f4e3-4a7e-a61e-59e0019c078d.jpeg?h=225&w=225"
        },
        "256582085": {
          "n": "Tesco Cantaloupe Melon Each",
          "p": 2,
          "q": 1,
          "u": "u",
          "nw": { "t": 1, "u": "u" },
          "ppuom": "£2.00/each",
          "img": "https://digitalcontent.api.tesco.com/v2/media/ghs/9683794a-4401-4948-ae17-2d3670384145/caa10037-b864-4fd9-92cc-99ee03bb808b.jpeg?h=225&w=225"
        },
        "260765825": {
          "n": "Tesco Giant Watermelon",
          "p": 4.75,
          "q": 1,
          "u": "u",
          "nw": { "t": 1, "u": "u" },
          "ppuom": "£4.75/each",
          "img": "https://digitalcontent.api.tesco.com/v2/media/ghs/788bf057-4d11-4e19-8782-8fbe823e58b5/7fc98010-8dd6-49e5-8806-e2d3c3e24798.jpeg?h=225&w=225"
        },
        "262456128": {
          "n": "Tesco Mini Watermelon",
          "p": 2.3,
          "q": 1,
          "u": "u",
          "nw": { "t": 1, "u": "u" },
          "ppuom": "£2.30/each",
          "img": "https://digitalcontent.api.tesco.com/v2/media/ghs/5f280bcf-58e4-4f57-a268-47cf330531a8/93e01fa5-1584-4789-a977-e592c44ce38a.jpeg?h=225&w=225"
        },
        "277053207": {
          "n": "Tesco Melon Slices 450G",
          "p": 2.5,
          "q": 1,
          "u": "u",
          "nw": { "t": 450, "u": "g" },
          "ppuom": "£5.56/kg",
          "img": "https://digitalcontent.api.tesco.com/v2/media/ghs/1693bcb4-2c5c-466d-93d6-8d150a3a3458/d03de58f-73f8-428f-8719-9c2d786b29f9.jpeg?h=225&w=225"
        },
        "287594559": {
          "n": "Tesco Watermelon Wedges 550G",
          "p": 3.1,
          "q": 1,
          "u": "u",
          "nw": { "t": 550, "u": "g" },
          "ppuom": "£5.64/kg",
          "img": "https://digitalcontent.api.tesco.com/v2/media/ghs/7383a92a-0a60-47ef-b675-ceadd4ba193d/a928a9e2-748b-4a6f-bf79-23d064ffa1e4.jpeg?h=225&w=225"
        },
        "302972049": {
          "n": "Tesco Watermelon Chunks 300G",
          "p": 2.5,
          "q": 1,
          "u": "u",
          "nw": { "t": 300, "u": "g" },
          "ppuom": "£8.33/kg",
          "img": "https://digitalcontent.api.tesco.com/v2/media/ghs/d4df033f-9221-431b-b617-1bfdd1974ca7/31bd73a2-c386-4a91-addc-d34e6b255ada.jpeg?h=225&w=225"
        },
        "302986678": {
          "n": "Tesco Watermelon Strawberry & Black Grape 220G",
          "p": 2.5,
          "q": 1,
          "u": "u",
          "nw": { "t": 220, "u": "g" },
          "ppuom": "£11.36/kg",
          "img": "https://digitalcontent.api.tesco.com/v2/media/ghs/fed38002-fc13-4a67-9b69-9f262a264b0d/3ba03b32-22a9-44d3-a1bb-292cb13bed50.jpeg?h=225&w=225"
        },
        "308467598": {
          "n": "Tesco Watermelon Fingers 600G",
          "p": 4.25,
          "q": 1,
          "u": "u",
          "nw": { "t": 600, "u": "g" },
          "ppuom": "£7.08/kg",
          "img": "https://digitalcontent.api.tesco.com/v2/media/ghs/659b439f-4701-46f6-ad71-7fec192901ad/b08e5b42-4171-4bb5-9a98-c2651021d881.jpeg?h=225&w=225"
        },
        "314603901": {
          "n": "Jaffa Yellow Flesh Watermelon",
          "p": 4,
          "q": 1,
          "u": "u",
          "nw": { "t": 1, "u": "u" },
          "ppuom": "£4.00/each",
          "img": "https://digitalcontent.api.tesco.com/v2/media/ghs/0bbd1226-87ab-4c7f-aed9-6fea10932038/e589f419-6098-48ee-b26a-84375877b6ef.jpeg?h=225&w=225"
        },
        "316307955": {
          "n": "Tesco Melon Trio Platter 240g",
          "p": 2.5,
          "q": 1,
          "u": "u",
          "nw": { "t": 240, "u": "g" },
          "ppuom": "£10.42/kg",
          "img": "https://digitalcontent.api.tesco.com/v2/media/ghs/f13c5267-1572-4cae-96c9-e7908e2e83ae/4369481e-5e48-4a80-9762-ba8293016c03.jpeg?h=225&w=225"
        },
        "316805982": {
          "n": "Jaffa Orange Flesh Watermelon",
          "p": 4,
          "q": 1,
          "u": "u",
          "nw": { "t": 1, "u": "u" },
          "ppuom": "£4.00/each",
          "img": "https://digitalcontent.api.tesco.com/v2/media/ghs/487f8057-5b03-468c-ad0f-a3d0b1a1dfb8/2ebefa27-5c51-4d8c-af52-fb9e2b8eb9ac.jpeg?h=225&w=225"
        },
        "320989890": {
          "n": "Tesco Finest Seasonal Melon Skin on Wedges 450g",
          "p": 3.95,
          "q": 1,
          "u": "u",
          "nw": { "t": 450, "u": "g" },
          "ppuom": "£8.78/kg",
          "img": "https://digitalcontent.api.tesco.com/v2/media/ghs/11e2f1a7-05dd-4683-b99c-ea0aedee3f29/87a8403c-43de-451a-b351-35093635c742.jpeg?h=225&w=225"
        },
        "321051120": {
          "n": "Tesco Watermelon Pizza Kit 480g ",
          "p": 3.9,
          "q": 1,
          "u": "u",
          "nw": { "t": 480, "u": "g" },
          "ppuom": "£8.12/kg",
          "img": "https://digitalcontent.api.tesco.com/v2/media/ghs/88e474d9-fe56-4b66-8f55-35d069f2503c/df1416d0-2435-4b26-8e60-8e97f80bf599.jpeg?h=225&w=225"
        }
      },
      "oc": {
        "80435011": {
          "n": "Ocado Cantaloupe Melon",
          "p": 2,
          "q": 1,
          "u": "u",
          "nw": { "t": 750, "u": "g" },
          "ppuom": "2.67per kg",
          "img": "https://www.ocado.com/productImages/804/80435011_0_150x150.jpg"
        },
        "80436011": {
          "n": "Ocado Honeydew Melon ",
          "p": 1.9,
          "q": 1,
          "u": "u",
          "nw": { "t": 1200, "u": "g" },
          "ppuom": "1.58per kg",
          "img": "https://www.ocado.com/productImages/804/80436011_0_150x150.jpg"
        },
        "80437011": {
          "n": "Ocado Galia Melon",
          "p": 2,
          "q": 1,
          "u": "u",
          "nw": { "t": 800, "u": "g" },
          "ppuom": "2.5per kg",
          "img": "https://www.ocado.com/productImages/804/80437011_0_150x150.jpg"
        },
        "80438011": {
          "n": "Ocado Watermelon",
          "p": 3.5,
          "q": 1,
          "u": "u",
          "nw": { "t": 2000, "u": "g" },
          "ppuom": "1.75per kg",
          "img": "https://www.ocado.com/productImages/804/80438011_0_150x150.jpg"
        },
        "423996011": {
          "n": "Natoora Sanlucar Sweet Melon",
          "p": 6.95,
          "q": 1,
          "u": "u",
          "nw": { "t": 1, "u": "u" },
          "img": "https://www.ocado.com/productImages/423/423996011_0_150x150.jpg"
        },
        "472173011": {
          "n": "Wholegood Organic Cantaloupe Melon",
          "p": 4,
          "q": 1,
          "u": "u",
          "nw": { "t": 1, "u": "u" },
          "img": "https://www.ocado.com/productImages/472/472173011_0_150x150.jpg"
        },
        "517720011": {
          "n": "M&S Perfectly Ripe Cantaloupe Melon",
          "p": 2.65,
          "q": 1,
          "u": "u",
          "nw": { "t": 1, "u": "u" },
          "img": "https://www.ocado.com/productImages/517/517720011_0_150x150.jpg"
        },
        "517927011": {
          "n": "M&S Watermelon Chunks",
          "p": 3.4,
          "q": 1,
          "u": "u",
          "nw": { "t": 350, "u": "g" },
          "ppuom": "9.71per kg",
          "img": "https://www.ocado.com/productImages/517/517927011_0_150x150.jpg"
        },
        "518221011": {
          "n": "M&S Watermelon Fingers",
          "p": 5,
          "q": 1,
          "u": "u",
          "nw": { "t": 600, "u": "g" },
          "ppuom": "8.33per kg",
          "img": "https://www.ocado.com/productImages/518/518221011_0_150x150.jpg"
        },
        "518223011": {
          "n": "M&S Orange Melon Chunks",
          "p": 3.9,
          "q": 1,
          "u": "u",
          "nw": { "t": 350, "u": "g" },
          "ppuom": "11.14per kg",
          "img": "https://www.ocado.com/productImages/518/518223011_0_150x150.jpg"
        },
        "518253011": {
          "n": "M&S Perfectly Ripe Honeydew Melon",
          "p": 1.9,
          "q": 1,
          "u": "u",
          "nw": { "t": 1, "u": "u" },
          "img": "https://www.ocado.com/productImages/518/518253011_0_150x150.jpg"
        },
        "518320011": {
          "n": "M&S Perfectly Ripe Galia Melon",
          "p": 2.1,
          "q": 1,
          "u": "u",
          "nw": { "t": 1, "u": "u" },
          "img": "https://www.ocado.com/productImages/518/518320011_0_150x150.jpg"
        },
        "518329011": {
          "n": "M&S Cantaloupe Melon Fingers",
          "p": 4.25,
          "q": 1,
          "u": "u",
          "nw": { "t": 500, "u": "g" },
          "ppuom": "8.5per kg",
          "img": "https://www.ocado.com/productImages/518/518329011_0_150x150.jpg"
        },
        "518337011": {
          "n": "M&S Perfectly Ripe Extra Small Baby Watermelon",
          "p": 3,
          "q": 1,
          "u": "u",
          "nw": { "t": 1, "u": "u" },
          "img": "https://www.ocado.com/productImages/518/518337011_0_150x150.jpg"
        },
        "518340011": {
          "n": "M&S Melon Free Fruit Salad",
          "p": 3.65,
          "q": 1,
          "u": "u",
          "nw": { "t": 300, "u": "g" },
          "ppuom": "12.17per kg",
          "img": "https://www.ocado.com/productImages/518/518340011_0_150x150.jpg"
        },
        "519262011": {
          "n": "M&S Watermelon Chunks",
          "p": 2.5,
          "q": 1,
          "u": "u",
          "nw": { "t": 200, "u": "g" },
          "ppuom": "12.5per kg",
          "img": "https://www.ocado.com/productImages/519/519262011_0_150x150.jpg"
        },
        "523994011": {
          "n": "M&S Piel De Sapo Melon Perfectly Ripe",
          "p": 2.75,
          "q": 1,
          "u": "u",
          "nw": { "t": 1, "u": "u" },
          "img": "https://www.ocado.com/productImages/523/523994011_0_150x150.jpg"
        },
        "586817011": {
          "n": "M&S Watermelon Chunks",
          "p": 4.5,
          "q": 1,
          "u": "u",
          "nw": { "t": 600, "u": "g" },
          "ppuom": "7.5per kg",
          "img": "https://www.ocado.com/productImages/586/586817011_0_150x150.jpg"
        }
      },
      "ms": {
        "108448528": {
          "n": "Morrisons Whole Cantaloupe Melon ",
          "p": 1.95,
          "q": 1,
          "u": "u",
          "nw": { "t": 1, "u": "u" },
          "ppuom": "1.95/each",
          "img": "https://groceries.morrisons.com/images-v3/4b85987b-1398-4173-a0c1-3546047c9d74/8098612a-da56-4a55-8a5a-e610fd70342a/300x300.jpg"
        },
        "108448587": {
          "n": "Morrisons Whole Galia Melon ",
          "p": 1.9,
          "q": 1,
          "u": "u",
          "nw": { "t": 1, "u": "u" },
          "ppuom": "1.90/each",
          "img": "https://groceries.morrisons.com/images-v3/4b85987b-1398-4173-a0c1-3546047c9d74/f3a70e1f-b5e3-4c9a-a159-cc38d20050df/300x300.jpg"
        },
        "108448704": {
          "n": "Morrisons Honeydew Melon ",
          "p": 1.89,
          "q": 1,
          "u": "u",
          "nw": { "t": 1, "u": "u" },
          "ppuom": "1.89/each",
          "img": "https://groceries.morrisons.com/images-v3/4b85987b-1398-4173-a0c1-3546047c9d74/d0800601-7dd4-4610-8d60-ca40084ab317/300x300.jpg"
        },
        "108448923": {
          "n": "Morrisons Watermelon",
          "p": 3.5,
          "q": 1,
          "u": "u",
          "nw": { "t": 1, "u": "u" },
          "ppuom": "3.50/each",
          "img": "https://groceries.morrisons.com/images-v3/4b85987b-1398-4173-a0c1-3546047c9d74/575c48d0-676e-472c-9fbc-9098cea80ad7/300x300.jpg"
        },
        "108448991": {
          "n": "Morrisons Whole Watermelon ",
          "p": 3.5,
          "q": 1,
          "u": "u",
          "nw": { "t": 1, "u": "u" },
          "ppuom": "3.50/each",
          "img": "https://groceries.morrisons.com/images-v3/4b85987b-1398-4173-a0c1-3546047c9d74/ec9bad26-dc5b-4ab3-b74c-d38fe0ce79d4/300x300.jpg"
        },
        "108504147": {
          "n": "Morrisons Watermelon ",
          "p": 2.4,
          "q": 1,
          "u": "u",
          "nw": { "t": 300, "u": "g" },
          "ppuom": "0.80/100gram",
          "img": "https://groceries.morrisons.com/images-v3/4b85987b-1398-4173-a0c1-3546047c9d74/811bcbb6-6f75-4f0e-ad26-b94bee479cc4/300x300.jpg"
        },
        "108908651": {
          "n": "Morrisons Watermelon Fans",
          "p": 0.6,
          "q": 1,
          "u": "u",
          "nw": { "t": 95, "u": "g" },
          "ppuom": "0.63/100gram",
          "img": "https://groceries.morrisons.com/images-v3/4b85987b-1398-4173-a0c1-3546047c9d74/ddd17b95-e7f1-4731-a2f4-e9e54ed48d56/300x300.jpg"
        },
        "110524884": {
          "n": "Morrisons Watermelon Wedges",
          "p": 3,
          "q": 1,
          "u": "u",
          "nw": { "t": 550, "u": "g" },
          "ppuom": "0.55/100gram",
          "img": "https://groceries.morrisons.com/images-v3/4b85987b-1398-4173-a0c1-3546047c9d74/f7bc62d6-cdfc-43aa-82eb-72fbe63b11b4/300x300.jpg"
        },
        "110583008": {
          "n": "Morrisons Giant Watermelon",
          "p": 4.5,
          "q": 1,
          "u": "u",
          "nw": { "t": 1, "u": "u" },
          "ppuom": "4.50/each",
          "img": "https://groceries.morrisons.com/images-v3/4b85987b-1398-4173-a0c1-3546047c9d74/b908094b-52b0-44e7-87c9-6521073a8aa1/300x300.jpg"
        },
        "111943571": {
          "n": "Morrisons Whole Honeydew Melon",
          "p": 1.89,
          "q": 1,
          "u": "u",
          "nw": { "t": 1, "u": "u" },
          "ppuom": "1.89/each",
          "img": "https://groceries.morrisons.com/images-v3/4b85987b-1398-4173-a0c1-3546047c9d74/9270c882-acc1-4791-928d-84f3fd84633c/300x300.jpg"
        },
        "111971117": {
          "n": "Morrisons Snowball Melon",
          "p": 2.4,
          "q": 1,
          "u": "u",
          "nw": { "t": 1, "u": "u" },
          "ppuom": "2.40/each",
          "img": "https://groceries.morrisons.com/images-v3/4b85987b-1398-4173-a0c1-3546047c9d74/f402c638-2242-460e-a219-fb2dffa420b6/300x300.jpg"
        },
        "112810243": {
          "n": "Morrisons Melon & Grape",
          "p": 2.4,
          "q": 1,
          "u": "u",
          "nw": { "t": 300, "u": "g" },
          "ppuom": "0.80/100gram",
          "img": "https://groceries.morrisons.com/images-v3/4b85987b-1398-4173-a0c1-3546047c9d74/5f43112f-1380-485b-9646-e14166eaf572/300x300.jpg"
        },
        "112811422": {
          "n": "Morrisons Melon Medley",
          "p": 2.29,
          "q": 1,
          "u": "u",
          "nw": { "t": 300, "u": "g" },
          "ppuom": "0.76/100gram",
          "img": "https://groceries.morrisons.com/images-v3/4b85987b-1398-4173-a0c1-3546047c9d74/07be0483-426a-4181-ac81-2c9bbeb2af39/300x300.jpg"
        },
        "113426083": {
          "n": "Morrisons Baby Watermelon",
          "p": 2.3,
          "q": 1,
          "u": "u",
          "nw": { "t": 1, "u": "u" },
          "ppuom": "2.30/each",
          "img": "https://groceries.morrisons.com/images-v3/4b85987b-1398-4173-a0c1-3546047c9d74/afdd6b45-33bb-4834-8d14-2f221f9f2a4f/300x300.jpg"
        },
        "113451300": {
          "n": "Morrisons The Best Piel De Sapo Melon",
          "p": 2.5,
          "q": 1,
          "u": "u",
          "nw": { "t": 1, "u": "u" },
          "ppuom": "2.50/each",
          "img": "https://groceries.morrisons.com/images-v3/4b85987b-1398-4173-a0c1-3546047c9d74/a6a7b346-41a3-4dde-bc68-a860a47d81bc/300x300.jpg"
        },
        "113869853": {
          "n": "Morrisons Melon Slices ",
          "p": 2.4,
          "q": 1,
          "u": "u",
          "nw": { "t": 400, "u": "g" },
          "ppuom": "6.00/kg",
          "img": "https://groceries.morrisons.com/images-v3/4b85987b-1398-4173-a0c1-3546047c9d74/1b81b23c-e787-47ee-aab4-5879e13f7a07/300x300.jpg"
        }
      }
    },
    "nectarine": {
      "al": {
        "000000000000283413": {
          "n": "Nectarines",
          "p": 1.89,
          "q": 1,
          "u": "pac",
          "nw": { "t": 4, "u": "u" },
          "img": "https://dm.emea.cms.aldi.cx/is/image/aldiprodeu/product/jpg/scaleWidth/300/4ae4fb85-7157-402b-8a56-3c6fa4d03ed9/{slug}"
        }
      },
      "as": {
        "1000299625397": {
          "n": "ASDA 4 Juicy & Sweet Nectarines",
          "p": 1.98,
          "u": "Each",
          "nw": { "t": 4, "u": "u" },
          "ppuom": "49.5p/each",
          "img": "https://ui.assets-asda.com:443/dm/5057172688067"
        },
        "1000383155414": {
          "n": "ASDA 3 Juicy & Sweet Nectarines",
          "p": 2.48,
          "u": "Each",
          "nw": { "t": 3, "u": "u" },
          "ppuom": "82.7p/each",
          "img": "https://ui.assets-asda.com:443/dm/5063089028469"
        }
      },
      "tc": {
        "268663036": {
          "n": "Tesco Flat Nectarines Minimum 4 Pack",
          "p": 1.8,
          "q": 1,
          "u": "u",
          "nw": { "t": 4, "u": "u" },
          "ppuom": "£0.45/each",
          "img": "https://digitalcontent.api.tesco.com/v2/media/ghs/4f3ee90f-b32c-462a-865c-a0d21586edb0/b6b43262-ab44-49e3-aecd-97361c9dd74e_1272226393.jpeg?h=225&w=225"
        },
        "292275515": {
          "n": "Suntrail Farms Nectarines Minimum 4",
          "p": 1.89,
          "q": 1,
          "u": "u",
          "nw": { "t": 4, "u": "u" },
          "ppuom": "£0.47/each",
          "img": "https://digitalcontent.api.tesco.com/v2/media/ghs/5d5fbd19-59c1-4ad2-8ca9-bb107bea6e32/ef294b00-048c-4cdc-afe2-4bae4702c9cf_1911600964.jpeg?h=225&w=225"
        },
        "296057693": {
          "n": "Tesco Nectarines Minimum 4 Pack",
          "p": 2.2,
          "q": 1,
          "u": "u",
          "nw": { "t": 4, "u": "u" },
          "ppuom": "£0.55/each",
          "img": "https://digitalcontent.api.tesco.com/v2/media/ghs/fea43cfe-e9ea-4854-a3a6-8c5abe219968/4eba0c10-ba13-4c22-a92c-1790a472a960.jpeg?h=225&w=225"
        },
        "311433899": {
          "n": "Tesco Perfectly Ripe Nectarines Minimum 3",
          "p": 2.5,
          "q": 1,
          "u": "u",
          "nw": { "t": 3, "u": "u" },
          "ppuom": "£0.83/each",
          "img": "https://digitalcontent.api.tesco.com/v2/media/ghs/455fc036-5e8b-466a-b293-04ffeb5da0f5/0ed5960e-4a6d-48af-950d-a321228e7c78.jpeg?h=225&w=225"
        },
        "313516240": {
          "n": "Tesco Perfectly Ripe White Flesh Nectarine 3 Pack",
          "p": 2.5,
          "q": 1,
          "u": "u",
          "nw": { "t": 3, "u": "u" },
          "ppuom": "£0.83/each",
          "img": "https://digitalcontent.api.tesco.com/v2/media/ghs/e71f9792-da81-4a75-af77-c8ec6d3d9383/f5f3b3ae-5e14-4efa-b0aa-7e6157eb290e.jpeg?h=225&w=225"
        },
        "318194260": {
          "n": "Tesco Finest Nectarines 3 Pack",
          "p": 3,
          "q": 1,
          "u": "u",
          "nw": { "t": 3, "u": "u" },
          "ppuom": "£1.00/each",
          "img": "https://digitalcontent.api.tesco.com/v2/media/ghs/3bb784a0-5b63-4f0e-9d4c-cc5ceed78ad9/3a84196d-95bf-47b5-9d7b-8c7eb7ab44a0_263818675.jpeg?h=225&w=225"
        }
      },
      "oc": {
        "56921011": {
          "n": "Ocado Ripen at Home Nectarines ",
          "p": 2.5,
          "q": 1,
          "u": "u",
          "nw": { "t": 4, "u": "u" },
          "ppuom": "0.625each",
          "img": "https://www.ocado.com/productImages/569/56921011_0_150x150.jpg"
        },
        "518326011": {
          "n": "M&S Ripen at Home Nectarines ",
          "p": 3,
          "q": 1,
          "u": "u",
          "nw": { "t": 4, "u": "u" },
          "ppuom": "0.75each",
          "img": "https://www.ocado.com/productImages/518/518326011_0_150x150.jpg"
        },
        "519582011": {
          "n": "M&S Perfectly Ripe Yellow Nectarines",
          "p": 3,
          "q": 1,
          "u": "u",
          "nw": { "t": 4, "u": "u" },
          "ppuom": "0.75each",
          "img": "https://www.ocado.com/productImages/519/519582011_0_150x150.jpg"
        },
        "597011011": {
          "n": "Ocado Ripe & Ready White Nectarines",
          "p": 3.5,
          "q": 1,
          "u": "u",
          "nw": { "t": 4, "u": "u" },
          "ppuom": "0.875each",
          "img": "https://www.ocado.com/productImages/597/597011011_0_150x150.jpg"
        },
        "597012011": {
          "n": "Ocado Ripe & Ready Yellow Nectarines",
          "p": 3.5,
          "q": 1,
          "u": "u",
          "nw": { "t": 4, "u": "u" },
          "ppuom": "0.875each",
          "img": "https://www.ocado.com/productImages/597/597012011_0_150x150.jpg"
        }
      },
      "ms": {
        "108314651": {
          "n": "Morrisons Ready To Eat White Flesh Nectarines",
          "p": 2.5,
          "q": 1,
          "u": "u",
          "nw": { "t": 4, "u": "u" },
          "ppuom": "0.63/each",
          "img": "https://groceries.morrisons.com/images-v3/4b85987b-1398-4173-a0c1-3546047c9d74/b89be54c-4c9d-473d-b316-b2bc2e7df6d1/300x300.jpg"
        },
        "108314773": {
          "n": "Morrisons Ready to Eat Yellow Flesh Nectarines",
          "p": 2.5,
          "q": 1,
          "u": "u",
          "nw": { "t": 4, "u": "u" },
          "ppuom": "0.63/each",
          "img": "https://groceries.morrisons.com/images-v3/4b85987b-1398-4173-a0c1-3546047c9d74/699731aa-edeb-4ebc-8212-46dbc71dd7d7/300x300.jpg"
        },
        "108314925": {
          "n": "Morrisons Nectarines ",
          "p": 2,
          "q": 1,
          "u": "u",
          "nw": { "t": 4, "u": "u" },
          "ppuom": "0.50/each",
          "img": "https://groceries.morrisons.com/images-v3/4b85987b-1398-4173-a0c1-3546047c9d74/52f55e67-d175-4d42-9bbe-966c3ab197c4/300x300.jpg"
        },
        "110043600": {
          "n": "Morrisons Ripe & Ready Nectarines",
          "p": 2.5,
          "q": 1,
          "u": "u",
          "nw": { "t": 3, "u": "u" },
          "ppuom": "0.83/each",
          "img": "https://groceries.morrisons.com/images-v3/4b85987b-1398-4173-a0c1-3546047c9d74/fef0d8ef-8ff3-45ad-b70b-94cf499516f3/300x300.jpg"
        }
      }
    },
    "orange": {
      "al": {
        "000000000000266773": {
          "n": "Oranges",
          "p": 1.35,
          "q": 1,
          "u": "pac",
          "nw": { "t": 5, "u": "u" },
          "img": "https://dm.emea.cms.aldi.cx/is/image/aldiprodeu/product/jpg/scaleWidth/300/66ab112e-4a4c-48fe-92aa-5b7285441088/{slug}"
        },
        "000000000000267083": {
          "n": "Large Oranges",
          "p": 1.89,
          "q": 1,
          "u": "pac",
          "nw": { "t": 4, "u": "u" },
          "img": "https://dm.emea.cms.aldi.cx/is/image/aldiprodeu/product/jpg/scaleWidth/300/f01ed438-6e65-4797-bfa8-307bfe6cba7f/{slug}"
        },
        "000000000000537836": {
          "n": "Wonky Oranges",
          "p": 0.99,
          "q": 1,
          "u": "ea",
          "nw": { "t": 5, "u": "u" },
          "img": "https://dm.emea.cms.aldi.cx/is/image/aldiprodeu/product/jpg/scaleWidth/300/146b7b3f-9bb2-421c-80bd-c01703e5d3fb/{slug}"
        }
      },
      "as": {
        "910000521598": {
          "n": "ASDA Sweet & Juicy Medium Oranges",
          "p": 1.42,
          "u": "Each",
          "nw": { "t": 5, "u": "u" },
          "ppuom": "28.4p/each",
          "img": "https://ui.assets-asda.com:443/dm/5052449462531"
        },
        "1000383190012": {
          "n": "ASDA 4 Sweet & Juicy Large Oranges",
          "p": 2.08,
          "u": "Each",
          "nw": { "t": 4, "u": "u" },
          "ppuom": "52.0p/each",
          "img": "https://ui.assets-asda.com:443/dm/5063089133675"
        },
        "910003095074": {
          "n": "JUST ESSENTIALS by ASDA Oranges",
          "p": 0.99,
          "u": "Each",
          "nw": { "t": 5, "u": "u" },
          "ppuom": "19.8p/each",
          "img": "https://ui.assets-asda.com:443/dm/5054781580782"
        },
        "1000383189947": {
          "n": "ASDA Extra Special OrangeGold 4 Oranges",
          "p": 2.24,
          "u": "Each",
          "nw": { "t": 4, "u": "u" },
          "ppuom": "56.0p/each",
          "img": "https://ui.assets-asda.com:443/dm/5063089133651"
        }
      },
      "tc": {
        "253554014": {
          "n": "Tesco Oranges Each",
          "p": 0.3,
          "q": 1,
          "u": "u",
          "nw": { "t": 1, "u": "u" },
          "ppuom": "£0.30/each",
          "img": "https://digitalcontent.api.tesco.com/v2/media/ghs/2c33ec1a-56c7-4492-a690-f4886be92e94/f01d49e7-f80d-4375-af08-a521fc31974a_1423470130.jpeg?h=225&w=225"
        },
        "253554170": {
          "n": "Jaffa Orange Pack",
          "p": 2.1,
          "q": 1,
          "u": "u",
          "nw": { "t": 4, "u": "u" },
          "ppuom": "£0.52/each",
          "img": "https://digitalcontent.api.tesco.com/v2/media/ghs/b58d914d-2288-4943-9f8f-07749f990019/b5e45d07-870e-41e6-8d50-27ba388333e4_1205245970.jpeg?h=225&w=225"
        },
        "255582121": {
          "n": "Tesco Organic Unwaxed Oranges",
          "p": 1.5,
          "q": 1,
          "u": "u",
          "nw": { "t": 4, "u": "u" },
          "ppuom": "£0.38/each",
          "img": "https://digitalcontent.api.tesco.com/v2/media/ghs/b9381ed9-c56c-4050-a9ce-0827614fb12f/063775fd-d121-4067-8517-d087f92d1470.jpeg?h=225&w=225"
        },
        "288136888": {
          "n": "Tesco Orange Minimum 5 Pack",
          "p": 1.5,
          "q": 1,
          "u": "u",
          "nw": { "t": 5, "u": "u" },
          "ppuom": "£0.30/each",
          "img": "https://digitalcontent.api.tesco.com/v2/media/ghs/b41df4aa-afd4-4cbe-9fe0-8a4f8314ae9e/a597a618-8c75-43db-81cb-9a22f1bbb9d1.jpeg?h=225&w=225"
        },
        "292225110": {
          "n": "Suntrail Farms Price Orange Minimum 5 Pack",
          "p": 0.99,
          "q": 1,
          "u": "u",
          "nw": { "t": 5, "u": "u" },
          "ppuom": "£0.20/each",
          "img": "https://digitalcontent.api.tesco.com/v2/media/ghs/e96d70bb-8a89-4fa4-b789-6f1b92545b90/2b58b8e5-1b0c-4ae3-a746-ac3d2094291b_3684135.jpeg?h=225&w=225"
        },
        "311438519": {
          "n": "Jaffa Jumbo Orange Minimum 4 Pack",
          "p": 2.1,
          "q": 1,
          "u": "u",
          "nw": { "t": 4, "u": "u" },
          "ppuom": "£0.52/each",
          "img": "https://digitalcontent.api.tesco.com/v2/media/ghs/1f1d2bbf-aac6-4c7c-8d5b-5179aacbec61/f0c36433-5a46-414a-860a-e212ef94f621.jpeg?h=225&w=225"
        },
        "311945063": {
          "n": "Deliciously Ella Chocolate Orange Dipped Almonds 27g",
          "p": 1.5,
          "q": 1,
          "u": "u",
          "nw": { "t": 27, "u": "g" },
          "ppuom": "£5.56/100g",
          "img": "https://digitalcontent.api.tesco.com/v2/media/ghs/d0ad4778-afcf-4679-bd40-70eac15d13ef/b7565d9b-3f3f-4e05-8db0-07679e64ff49_1110993310.jpeg?h=225&w=225"
        }
      },
      "oc": {
        "47306011": {
          "n": "Ocado Oranges",
          "p": 1.5,
          "q": 1,
          "u": "u",
          "nw": { "t": 5, "u": "u" },
          "ppuom": "0.3each",
          "img": "https://www.ocado.com/productImages/473/47306011_0_150x150.jpg"
        },
        "66578011": {
          "n": "Ocado Large Oranges",
          "p": 2.25,
          "q": 1,
          "u": "u",
          "nw": { "t": 4, "u": "u" },
          "ppuom": "0.563each",
          "img": "https://www.ocado.com/productImages/665/66578011_0_150x150.jpg"
        },
        "66801011": {
          "n": "Natoora Spanish Organic Unwaxed Oranges",
          "p": 3.75,
          "q": 1,
          "u": "u",
          "nw": { "t": 5, "u": "u" },
          "ppuom": "0.75each",
          "img": "https://www.ocado.com/productImages/668/66801011_0_150x150.jpg"
        },
        "66807011": {
          "n": "Natoora Sicilian Unwaxed Blush Oranges",
          "p": 3.95,
          "q": 1,
          "u": "u",
          "nw": { "t": 4, "u": "u" },
          "ppuom": "0.988each",
          "img": "https://www.ocado.com/productImages/668/66807011_0_150x150.jpg"
        },
        "91359011": {
          "n": "Wholegood Organic Oranges",
          "p": 2.5,
          "q": 1,
          "u": "u",
          "nw": { "t": 4, "u": "u" },
          "ppuom": "0.625each",
          "img": "https://www.ocado.com/productImages/913/91359011_0_150x150.jpg"
        },
        "283879011": {
          "n": "Wholegood Organic Wonky Oranges",
          "p": 3.3,
          "q": 1,
          "u": "u",
          "nw": { "t": 1000, "u": "g" },
          "ppuom": "3.3per kg",
          "img": "https://www.ocado.com/productImages/283/283879011_0_150x150.jpg"
        },
        "303394011": {
          "n": "Ocado Organic Oranges",
          "p": 2,
          "q": 1,
          "u": "u",
          "nw": { "t": 4, "u": "u" },
          "ppuom": "0.5each",
          "img": "https://www.ocado.com/productImages/303/303394011_0_150x150.jpg"
        },
        "509960011": {
          "n": "OrchardWorld Extra Large Oranges",
          "p": 3.1,
          "q": 1,
          "u": "u",
          "nw": { "t": 4, "u": "u" },
          "ppuom": "0.775each",
          "img": "https://www.ocado.com/productImages/509/509960011_0_150x150.jpg"
        },
        "518211011": {
          "n": "M&S Orange Segments",
          "p": 3.65,
          "q": 1,
          "u": "u",
          "nw": { "t": 350, "u": "g" },
          "ppuom": "10.43per kg",
          "img": "https://www.ocado.com/productImages/518/518211011_0_150x150.jpg"
        },
        "518229011": {
          "n": "M&S Collection Blood Oranges",
          "p": 3,
          "q": 1,
          "u": "u",
          "nw": { "t": 4, "u": "u" },
          "ppuom": "0.75each",
          "img": "https://www.ocado.com/productImages/518/518229011_0_150x150.jpg"
        },
        "518294011": {
          "n": "M&S Extra Large Oranges",
          "p": 3,
          "q": 1,
          "u": "u",
          "nw": { "t": 4, "u": "u" },
          "ppuom": "0.75each",
          "img": "https://www.ocado.com/productImages/518/518294011_0_150x150.jpg"
        },
        "520701011": {
          "n": "M&S Select Farms Oranges",
          "p": 1.5,
          "q": 1,
          "u": "u",
          "nw": { "t": 5, "u": "u" },
          "ppuom": "0.3each",
          "img": "https://www.ocado.com/productImages/520/520701011_0_150x150.jpg"
        },
        "528790011": {
          "n": "M&S Juicing Oranges",
          "p": 2.8,
          "q": 1,
          "u": "u",
          "nw": { "t": 1000, "u": "g" },
          "ppuom": "2.8per kg",
          "img": "https://www.ocado.com/productImages/528/528790011_0_150x150.jpg"
        },
        "578253011": {
          "n": "M&S Mandarin & Orange",
          "p": 4,
          "q": 1,
          "u": "u",
          "nw": { "t": 300, "u": "g" },
          "ppuom": "13.33per kg",
          "img": "https://www.ocado.com/productImages/578/578253011_0_150x150.jpg"
        },
        "582923011": {
          "n": "Ocado Orange",
          "p": 0.3,
          "q": 1,
          "u": "u",
          "nw": { "t": 1, "u": "u" },
          "img": "https://www.ocado.com/productImages/582/582923011_0_150x150.jpg"
        },
        "609761011": {
          "n": "M&S Seedless Oranges",
          "p": 2.5,
          "q": 1,
          "u": "u",
          "nw": { "t": 4, "u": "u" },
          "ppuom": "0.625each",
          "img": "https://www.ocado.com/productImages/609/609761011_0_150x150.jpg"
        }
      },
      "ms": {
        "108378785": {
          "n": "Morrisons Loose Orange",
          "p": 0.3,
          "q": 1,
          "u": "u",
          "nw": { "t": 1, "u": "u" },
          "ppuom": "0.30/each",
          "img": "https://groceries.morrisons.com/images-v3/4b85987b-1398-4173-a0c1-3546047c9d74/ff101d09-b283-4a37-93be-77228ca9772c/300x300.jpg"
        },
        "109486809": {
          "n": "Morrisons Large Oranges",
          "p": 2.2,
          "q": 1,
          "u": "u",
          "nw": { "t": 4, "u": "u" },
          "ppuom": "0.55/each",
          "img": "https://groceries.morrisons.com/images-v3/4b85987b-1398-4173-a0c1-3546047c9d74/2233200e-f5f1-41b9-a812-6eab24ab3125/300x300.jpg"
        },
        "109541521": {
          "n": "Morrisons Oranges",
          "p": 1.29,
          "q": 1,
          "u": "u",
          "nw": { "t": 5, "u": "u" },
          "ppuom": "0.26/each",
          "img": "https://groceries.morrisons.com/images-v3/4b85987b-1398-4173-a0c1-3546047c9d74/d75bd838-2505-4014-a5a1-6e32ebecdae9/300x300.jpg"
        },
        "113608725": {
          "n": "Morrisons The Best Extra Large Oranges ",
          "p": 2.3,
          "q": 1,
          "u": "u",
          "nw": { "t": 4, "u": "u" },
          "ppuom": "0.58/each",
          "img": "https://groceries.morrisons.com/images-v3/4b85987b-1398-4173-a0c1-3546047c9d74/a9c13f6b-56ae-432c-9275-2c6e8239a08c/300x300.jpg"
        },
        "115015026": {
          "n": "Morrisons Oranges 9 Pack",
          "p": 2,
          "q": 1,
          "u": "u",
          "nw": { "t": 9, "u": "u" },
          "ppuom": "0.22/each",
          "img": "https://groceries.morrisons.com/images-v3/4b85987b-1398-4173-a0c1-3546047c9d74/873436cc-29ec-4d72-b653-aa466c875ec7/300x300.jpg"
        }
      }
    },
    "peache": {
      "as": {
        "1000299625410": {
          "n": "ASDA Smooth & Sweet Peaches",
          "p": 1.98,
          "u": "Each",
          "nw": { "t": 4, "u": "u" },
          "ppuom": "49.5p/each",
          "img": "https://ui.assets-asda.com:443/dm/5057172688128"
        },
        "1000383155432": {
          "n": "ASDA 3 Smooth & Sweet Peaches",
          "p": 2.48,
          "u": "Each",
          "nw": { "t": 3, "u": "u" },
          "ppuom": "82.7p/each",
          "img": "https://ui.assets-asda.com:443/dm/5063089028506"
        }
      },
      "tc": {
        "296057670": {
          "n": "Tesco Peaches Minimum 4 Pack",
          "p": 2,
          "q": 1,
          "u": "u",
          "nw": { "t": 4, "u": "u" },
          "ppuom": "£0.50/each",
          "img": "https://digitalcontent.api.tesco.com/v2/media/ghs/71b41896-992a-44e0-912a-7ea3ba1683ba/60d1acca-0135-41c5-90f1-bdd425b9d2df.jpeg?h=225&w=225"
        },
        "311423796": {
          "n": "Tesco Perfectly Ripe Peaches Minimum 3 Pack",
          "p": 2.5,
          "q": 1,
          "u": "u",
          "nw": { "t": 3, "u": "u" },
          "ppuom": "£0.83/each",
          "img": "https://digitalcontent.api.tesco.com/v2/media/ghs/8c32598f-8137-4158-a4f5-3e7fd91d45fd/bc7e4dfc-0afd-400f-98b5-fb92681db50b.jpeg?h=225&w=225"
        }
      },
      "oc": {
        "56920011": {
          "n": "Ocado Ripen at Home Peaches",
          "p": 2.5,
          "q": 1,
          "u": "u",
          "nw": { "t": 4, "u": "u" },
          "ppuom": "0.625each",
          "img": "https://www.ocado.com/productImages/569/56920011_0_150x150.jpg"
        },
        "523990011": {
          "n": "M&S Perfectly Ripe Peaches",
          "p": 3,
          "q": 1,
          "u": "u",
          "nw": { "t": 4, "u": "u" },
          "ppuom": "0.75each",
          "img": "https://www.ocado.com/productImages/523/523990011_0_150x150.jpg"
        },
        "597008011": {
          "n": "Ocado Ripe & Ready Peaches",
          "p": 3.5,
          "q": 1,
          "u": "u",
          "nw": { "t": 4, "u": "u" },
          "ppuom": "0.875each",
          "img": "https://www.ocado.com/productImages/597/597008011_0_150x150.jpg"
        }
      },
      "ms": {
        "108314415": {
          "n": "Morrisons Ripe & Ready Peaches",
          "p": 2.5,
          "q": 1,
          "u": "u",
          "nw": { "t": 4, "u": "u" },
          "ppuom": "0.63/each",
          "img": "https://groceries.morrisons.com/images-v3/4b85987b-1398-4173-a0c1-3546047c9d74/b3b22e87-81a9-492c-8a93-f562c0b56003/300x300.jpg"
        },
        "108314474": {
          "n": "Morrisons Peaches Punnet (Min 4)",
          "p": 2,
          "q": 1,
          "u": "u",
          "nw": { "t": 4, "u": "u" },
          "ppuom": "0.50/each",
          "img": "https://groceries.morrisons.com/images-v3/4b85987b-1398-4173-a0c1-3546047c9d74/b571fe55-5f09-4e6e-a57f-79ecb57f0f75/300x300.jpg"
        },
        "110043511": {
          "n": "Morrisons Ripe & Ready Peaches Pack 3",
          "p": 2.5,
          "q": 1,
          "u": "u",
          "nw": { "t": 3, "u": "u" },
          "ppuom": "0.83/each",
          "img": "https://groceries.morrisons.com/images-v3/4b85987b-1398-4173-a0c1-3546047c9d74/d3e67402-556c-4847-bc5a-1b655a4aef7b/300x300.jpg"
        }
      }
    },
    "pear": {
      "al": {
        "000000000000272944": {
          "n": "Ripe & Ready Conference Pears",
          "p": 1.89,
          "q": 1,
          "u": "pac",
          "nw": { "t": 4, "u": "u" },
          "img": "https://dm.emea.cms.aldi.cx/is/image/aldiprodeu/product/jpg/scaleWidth/300/83e5016d-2dae-4ede-b8f6-6949e5d2bc7f/{slug}"
        },
        "000000000000304245": {
          "n": "Ripen at Home Mini Pears 5 Pack",
          "p": 0.69,
          "q": 1,
          "u": "pac",
          "nw": { "t": 550, "u": "g" },
          "img": "https://dm.emea.cms.aldi.cx/is/image/aldiprodeu/product/jpg/scaleWidth/300/7542b0e0-e059-49d3-80eb-4301222710f5/{slug}"
        },
        "000000000000588840": {
          "n": "Ripen at Home Conference Pears",
          "p": 1.49,
          "q": 1,
          "u": "ea",
          "nw": { "t": 1, "u": "u" },
          "img": "https://dm.emea.cms.aldi.cx/is/image/aldiprodeu/product/jpg/scaleWidth/300/e5297b04-b9e4-460b-99a0-40cab662e20d/{slug}"
        }
      },
      "as": {
        "1000383273684": {
          "n": "JUST ESSENTIALS by ASDA Pears 550g",
          "p": 0.99,
          "u": "Each",
          "nw": { "t": 550, "u": "g" },
          "ppuom": "18.0p/100g",
          "img": "https://ui.assets-asda.com:443/dm/5063089846223"
        },
        "1000214281993": {
          "n": "ASDA Sweet & Delicate Conference Pears",
          "p": 1.97,
          "u": "Each",
          "nw": { "t": 4, "u": "u" },
          "ppuom": "49.2p/each",
          "img": "https://ui.assets-asda.com:443/dm/5057172286041"
        },
        "910000899444": {
          "n": "ASDA Sweet & Delicate Pears (Colour and Variety may vary)",
          "p": 2.88,
          "u": "Each",
          "nw": { "t": 1200, "u": "g" },
          "ppuom": "£2.40/kg",
          "img": "https://ui.assets-asda.com:443/dm/5052449702910"
        }
      },
      "tc": {
        "253561247": {
          "n": "Large Conference Pears Class 1 Loose",
          "p": 0.52,
          "q": 1,
          "u": "u",
          "nw": { "t": 189.0909090909091, "u": "g" },
          "ppuom": "£2.75/kg",
          "img": "https://digitalcontent.api.tesco.com/v2/media/ghs/9c229453-1475-4bf8-a52d-4134a393699e/9c3b12b5-bdef-4a53-81b2-47af15f2fbe8.jpeg?h=225&w=225"
        },
        "284475129": {
          "n": "Tesco Ready to Eat Conference Pears 4 Pack",
          "p": 2.3,
          "q": 1,
          "u": "u",
          "nw": { "t": 4, "u": "u" },
          "ppuom": "£0.58/each",
          "img": "https://digitalcontent.api.tesco.com/v2/media/ghs/13efdb8c-13fb-416e-b902-48c140d5ea48/338ad40c-dfdd-4c8a-9359-8e64734cd3fb.jpeg?h=225&w=225"
        },
        "284475164": {
          "n": "Tesco Ready To Eat Seasonal Pears 4Pack 550G",
          "p": 1.89,
          "q": 1,
          "u": "u",
          "nw": { "t": 550, "u": "g" },
          "ppuom": "£3.44/kg",
          "img": "https://digitalcontent.api.tesco.com/v2/media/ghs/9d9fc06a-b10d-422e-80ab-88fb865326b9/e1294af9-f8df-45be-9eb3-8cd662c56441.jpeg?h=225&w=225"
        },
        "284475227": {
          "n": "Tesco Conference Pears Pack 610G",
          "p": 1.6,
          "q": 1,
          "u": "u",
          "nw": { "t": 610, "u": "g" },
          "ppuom": "£2.62/kg",
          "img": "https://digitalcontent.api.tesco.com/v2/media/ghs/33b1dca2-6911-4306-ad59-262d1c479cf3/d22e6bf0-a30a-4a91-ad78-c732f892b9a7.jpeg?h=225&w=225"
        },
        "287024636": {
          "n": "Tesco Organic Ripe & Ready Pears 550G",
          "p": 2.5,
          "q": 1,
          "u": "u",
          "nw": { "t": 550, "u": "g" },
          "ppuom": "£4.54/kg",
          "img": "https://digitalcontent.api.tesco.com/v2/media/ghs/eaeebce8-7e74-464f-8dbd-989ece927fe2/3107ce8b-a50c-493f-8d82-4ed2cd6692dc.jpeg?h=225&w=225"
        },
        "292249484": {
          "n": "Rosedene Farms Small Pear Pack 550G",
          "p": 0.99,
          "q": 1,
          "u": "u",
          "nw": { "t": 550, "u": "g" },
          "ppuom": "£1.80/kg",
          "img": "https://digitalcontent.api.tesco.com/v2/media/ghs/5ff75a28-dadc-4b46-bb21-3095b5844922/f06eed79-c8a9-40b2-bfde-de6d435c7fd5_1756330085.jpeg?h=225&w=225"
        }
      },
      "oc": {
        "64853011": {
          "n": "Ocado Ripen at Home Conference Pears",
          "p": 1.7,
          "q": 1,
          "u": "u",
          "nw": { "t": 610, "u": "g" },
          "ppuom": "2.79per kg",
          "img": "https://www.ocado.com/productImages/648/64853011_0_150x150.jpg"
        },
        "70448011": {
          "n": "Ocado Ripe & Ready to Eat Pears",
          "p": 1.9,
          "q": 1,
          "u": "u",
          "nw": { "t": 4, "u": "u" },
          "ppuom": "0.475each",
          "img": "https://www.ocado.com/productImages/704/70448011_0_150x150.jpg"
        },
        "302930011": {
          "n": "Ocado Ripe & Ready Conference Pears",
          "p": 2.3,
          "q": 1,
          "u": "u",
          "nw": { "t": 4, "u": "u" },
          "ppuom": "0.575each",
          "img": "https://www.ocado.com/productImages/302/302930011_0_150x150.jpg"
        },
        "325613011": {
          "n": "Ocado Organic Ripe & Ready Pears",
          "p": 2.5,
          "q": 1,
          "u": "u",
          "nw": { "t": 4, "u": "u" },
          "ppuom": "0.625each",
          "img": "https://www.ocado.com/productImages/325/325613011_0_150x150.jpg"
        },
        "507455011": {
          "n": "OrchardWorld Blush Pears",
          "p": 2.75,
          "q": 1,
          "u": "u",
          "nw": { "t": 4, "u": "u" },
          "ppuom": "0.688each",
          "img": "https://www.ocado.com/productImages/507/507455011_0_150x150.jpg"
        },
        "517788011": {
          "n": "M&S Green Williams Pears Perfectly Ripe",
          "p": 3,
          "q": 1,
          "u": "u",
          "nw": { "t": 4, "u": "u" },
          "ppuom": "0.75each",
          "img": "https://www.ocado.com/productImages/517/517788011_0_150x150.jpg"
        },
        "518254011": {
          "n": "M&S Small Conference Pears Ripen at Home",
          "p": 1.9,
          "q": 1,
          "u": "u",
          "nw": { "t": 5, "u": "u" },
          "ppuom": "0.38each",
          "img": "https://www.ocado.com/productImages/518/518254011_0_150x150.jpg"
        },
        "518332011": {
          "n": "M&S Conference Pears Perfectly Ripe",
          "p": 2.5,
          "q": 1,
          "u": "u",
          "nw": { "t": 4, "u": "u" },
          "ppuom": "0.625each",
          "img": "https://www.ocado.com/productImages/518/518332011_0_150x150.jpg"
        },
        "518335011": {
          "n": "M&S Rocha Pears Perfectly Ripe",
          "p": 2.75,
          "q": 1,
          "u": "u",
          "nw": { "t": 4, "u": "u" },
          "ppuom": "0.688each",
          "img": "https://www.ocado.com/productImages/518/518335011_0_150x150.jpg"
        },
        "524015011": {
          "n": "M&S Sweet & Crunchy Pears",
          "p": 2.5,
          "q": 1,
          "u": "u",
          "nw": { "t": 4, "u": "u" },
          "ppuom": "0.625each",
          "img": "https://www.ocado.com/productImages/524/524015011_0_150x150.jpg"
        },
        "528802011": {
          "n": "M&S Perfectly Ripe Red Pears",
          "p": 2.75,
          "q": 1,
          "u": "u",
          "nw": { "t": 4, "u": "u" },
          "ppuom": "0.688each",
          "img": "https://www.ocado.com/productImages/528/528802011_0_150x150.jpg"
        },
        "570978011": {
          "n": "Ocado Organic Ripen at Home Pears ",
          "p": 2.3,
          "q": 1,
          "u": "u",
          "nw": { "t": 4, "u": "u" },
          "ppuom": "0.575each",
          "img": "https://www.ocado.com/productImages/570/570978011_0_150x150.jpg"
        },
        "575941011": {
          "n": "Ocado Ripen at Home Pears",
          "p": 1.7,
          "q": 1,
          "u": "u",
          "nw": { "t": 6, "u": "u" },
          "ppuom": "0.283each",
          "img": "https://www.ocado.com/productImages/575/575941011_0_150x150.jpg"
        },
        "634353011": {
          "n": "M&S Organic Ripen at Home Pears min",
          "p": 2.65,
          "q": 1,
          "u": "u",
          "nw": { "t": 3, "u": "u" },
          "ppuom": "0.883each",
          "img": "https://www.ocado.com/productImages/634/634353011_0_150x150.jpg"
        },
        "646588011": {
          "n": "M&S Taste Buds Pears",
          "p": 1.6,
          "q": 1,
          "u": "u",
          "nw": { "t": 4, "u": "u" },
          "ppuom": "0.4each",
          "img": "https://www.ocado.com/productImages/646/646588011_0_150x150.jpg"
        }
      },
      "ms": {
        "108419006": {
          "n": "Morrisons Ripe & Ready Conference Pears",
          "p": 2.3,
          "q": 1,
          "u": "u",
          "nw": { "t": 4, "u": "u" },
          "ppuom": "0.58/each",
          "img": "https://groceries.morrisons.com/images-v3/4b85987b-1398-4173-a0c1-3546047c9d74/065c207d-7691-4e0e-a7d8-0f6402ae18f7/300x300.jpg"
        },
        "108861582": {
          "n": "Morrisons Wonky Pears (Min 4)",
          "p": 1.17,
          "q": 1,
          "u": "u",
          "nw": { "t": 1, "u": "u" },
          "ppuom": "1.17/each",
          "img": "https://groceries.morrisons.com/images-v3/4b85987b-1398-4173-a0c1-3546047c9d74/93deec82-2610-4a42-8f17-4b4cfaa0bd5e/300x300.jpg"
        },
        "109861816": {
          "n": "Morrisons Loose Conference Pears",
          "p": 0.5,
          "q": 1,
          "u": "u",
          "nw": { "t": 1, "u": "u" },
          "ppuom": "0.50/each",
          "img": "https://groceries.morrisons.com/images-v3/4b85987b-1398-4173-a0c1-3546047c9d74/753dba78-a19f-4fc1-a8da-a4ef77499f26/300x300.jpg"
        },
        "110754217": {
          "n": "Morrisons Pears ",
          "p": 2,
          "q": 1,
          "u": "u",
          "nw": { "t": 1200, "u": "g" },
          "ppuom": "1.67/kg",
          "img": "https://groceries.morrisons.com/images-v3/4b85987b-1398-4173-a0c1-3546047c9d74/76b289e4-3e7c-418d-a398-83fc323d3e63/300x300.jpg"
        },
        "111705476": {
          "n": "Morrison Ready To Eat Abate Pears",
          "p": 2,
          "q": 1,
          "u": "u",
          "nw": { "t": 4, "u": "u" },
          "ppuom": "0.50/each",
          "img": "https://groceries.morrisons.com/images-v3/4b85987b-1398-4173-a0c1-3546047c9d74/50fdcc8d-8b44-46af-b5e2-f849bb6a79ce/300x300.jpg"
        },
        "112089097": {
          "n": "Morrisons Conference Pears",
          "p": 1.9,
          "q": 1,
          "u": "u",
          "nw": { "t": 4, "u": "u" },
          "ppuom": "0.48/each",
          "img": "https://groceries.morrisons.com/images-v3/4b85987b-1398-4173-a0c1-3546047c9d74/53951e8d-8540-46a6-97a9-f99b0288c19e/300x300.jpg"
        },
        "112356546": {
          "n": "Morrisons Sweet Pears ",
          "p": 1.55,
          "q": 1,
          "u": "u",
          "nw": { "t": 4, "u": "u" },
          "ppuom": "0.39/each",
          "img": "https://groceries.morrisons.com/images-v3/4b85987b-1398-4173-a0c1-3546047c9d74/949941d5-4a24-4ae0-9163-f7e985db4300/300x300.jpg"
        },
        "112773374": {
          "n": "Morrisons Organic Pears",
          "p": 2.5,
          "q": 1,
          "u": "u",
          "nw": { "t": 3, "u": "u" },
          "ppuom": "0.83/each",
          "img": "https://groceries.morrisons.com/images-v3/4b85987b-1398-4173-a0c1-3546047c9d74/a2bf5085-a934-4756-99ac-042cc3355b9e/300x300.jpg"
        }
      }
    },
    "pineapple": {},
    "plum": {
      "al": {
        "000000000000286177": {
          "n": "Ripen at Home Plums",
          "p": 1.29,
          "q": 1,
          "u": "pac",
          "nw": { "t": 400, "u": "g" },
          "img": "https://dm.emea.cms.aldi.cx/is/image/aldiprodeu/product/jpg/scaleWidth/300/476ddffb-121c-4f84-b847-940ab6b76fe2/{slug}"
        },
        "000000000000318009": {
          "n": "Plums",
          "p": 2.29,
          "q": 1,
          "u": "pac",
          "nw": { "t": 1000, "u": "g" },
          "img": "https://dm.emea.cms.aldi.cx/is/image/aldiprodeu/product/jpg/scaleWidth/300/77f180f8-b9bc-4cc5-ac01-95fc59092cff/{slug}"
        }
      },
      "as": {
        "910003082183": {
          "n": "ASDA Tart & Sweet Plums",
          "p": 1.38,
          "u": "Each",
          "nw": { "t": 400, "u": "g" },
          "ppuom": "£3.45/kg",
          "img": "https://ui.assets-asda.com:443/dm/5054781541899"
        },
        "910003095318": {
          "n": "JUST ESSENTIALS by ASDA Plums",
          "p": 1.29,
          "u": "Each",
          "nw": { "t": 400, "u": "g" },
          "ppuom": "£3.23/kg",
          "img": "https://ui.assets-asda.com:443/dm/5054781580799"
        },
        "9999999113157": {
          "n": "JUST ESSENTIALS by ASDA Plums Stock Up Bundle",
          "p": 5.16,
          "u": "Each",
          "nw": { "t": 1, "u": "u" },
          "ppuom": null,
          "img": "https://ui.assets-asda.com:443/dm/ASDAPlumsStockUp_Bundle"
        }
      },
      "tc": {
        "292275580": {
          "n": "Suntrail Farms Ripen At Home Plum 400G",
          "p": 1.29,
          "q": 1,
          "u": "u",
          "nw": { "t": 400, "u": "g" },
          "ppuom": "£3.22/kg",
          "img": "https://digitalcontent.api.tesco.com/v2/media/ghs/7db35310-fb6a-4168-9475-38e3d77f4960/bf684860-89d7-4175-9bf6-28e7073f4332_54619854.jpeg?h=225&w=225"
        },
        "296057710": {
          "n": "Tesco Plums 400G",
          "p": 1.5,
          "q": 1,
          "u": "u",
          "nw": { "t": 400, "u": "g" },
          "ppuom": "£3.75/kg",
          "img": "https://digitalcontent.api.tesco.com/v2/media/ghs/287c70b5-62a4-4bba-8760-5ab0a3897014/a1b3b392-ca23-4f68-b23b-88020b1d60c3.jpeg?h=225&w=225"
        }
      },
      "oc": {
        "47304011": {
          "n": "Ocado Ripen at Home Plums",
          "p": 1.5,
          "q": 1,
          "u": "u",
          "nw": { "t": 400, "u": "g" },
          "ppuom": "3.75per kg",
          "img": "https://www.ocado.com/productImages/473/47304011_0_150x150.jpg"
        },
        "92860011": {
          "n": "OrchardWorld Ready to Eat Extra Large Plums",
          "p": 3.75,
          "q": 1,
          "u": "u",
          "nw": { "t": 4, "u": "u" },
          "ppuom": "0.938each",
          "img": "https://www.ocado.com/productImages/928/92860011_0_150x150.jpg"
        },
        "518343011": {
          "n": "M&S Ripen at Home Plums",
          "p": 2.5,
          "q": 1,
          "u": "u",
          "nw": { "t": 400, "u": "g" },
          "ppuom": "6.25per kg",
          "img": "https://www.ocado.com/productImages/518/518343011_0_150x150.jpg"
        },
        "519664011": {
          "n": "M&S Perfectly Ripe Plums ",
          "p": 3,
          "q": 1,
          "u": "u",
          "nw": { "t": 4, "u": "u" },
          "ppuom": "0.75each",
          "img": "https://www.ocado.com/productImages/519/519664011_0_150x150.jpg"
        },
        "597010011": {
          "n": "Ocado Ripe & Ready Plums",
          "p": 3,
          "q": 1,
          "u": "u",
          "nw": { "t": 5, "u": "u" },
          "ppuom": "0.6each",
          "img": "https://www.ocado.com/productImages/597/597010011_0_150x150.jpg"
        }
      },
      "ms": {
        "108312348": {
          "n": "Morrisons Plums",
          "p": 1.29,
          "q": 1,
          "u": "u",
          "nw": { "t": 400, "u": "g" },
          "ppuom": "3.23/kg",
          "img": "https://groceries.morrisons.com/images-v3/4b85987b-1398-4173-a0c1-3546047c9d74/30b9358d-cba6-44b8-9677-d9131c6fe423/300x300.jpg"
        },
        "108314263": {
          "n": "Morrisons Ready To Eat Plums",
          "p": 2,
          "q": 1,
          "u": "u",
          "nw": { "t": 1, "u": "u" },
          "ppuom": "2.00/each",
          "img": "https://groceries.morrisons.com/images-v3/4b85987b-1398-4173-a0c1-3546047c9d74/babaa518-460d-417f-b5b7-98990c2d86e5/300x300.jpg"
        },
        "111926156": {
          "n": "Morrisons The Best Plums   4 pack",
          "p": 2,
          "q": 1,
          "u": "u",
          "nw": { "t": 4, "u": "u" },
          "ppuom": "0.50/each",
          "img": "https://groceries.morrisons.com/images-v3/4b85987b-1398-4173-a0c1-3546047c9d74/eafe6f3b-8fa1-451b-b45e-dc9011131bad/300x300.jpg"
        }
      }
    },
    "rhubarb": {
      "as": {
        "442414": {
          "n": "ASDA Tangy & Crunchy Rhubarb 400g",
          "p": 1.38,
          "u": "Each",
          "nw": { "t": 400, "u": "g" },
          "ppuom": "£3.45/kg",
          "img": "https://ui.assets-asda.com:443/dm/5051413874431"
        }
      },
      "tc": {
        "252946036": {
          "n": "Tesco Rhubarb 400G",
          "p": 3,
          "q": 1,
          "u": "u",
          "nw": { "t": 400, "u": "g" },
          "ppuom": "£7.50/kg",
          "img": "https://digitalcontent.api.tesco.com/v2/media/ghs/0dbd377d-4d15-4a08-9186-e634ec347a40/9f78dcae-cada-4125-baf0-0277574ca7fe.jpeg?h=225&w=225"
        }
      },
      "oc": {
        "93956011": {
          "n": "Natoora British Outdoor Rhubarb",
          "p": 7.5,
          "q": 1,
          "u": "u",
          "nw": { "t": 400, "u": "g" },
          "ppuom": "1.88per 100g",
          "img": "https://www.ocado.com/productImages/939/93956011_0_150x150.jpg"
        },
        "518336011": {
          "n": "M&S British Rhubarb",
          "p": 1.5,
          "q": 1,
          "u": "u",
          "nw": { "t": 400, "u": "g" },
          "ppuom": "0.375per 100g",
          "img": "https://www.ocado.com/productImages/518/518336011_0_150x150.jpg"
        },
        "657886011": {
          "n": "Wye Valley British Pink Rhubarb",
          "p": 2.25,
          "q": 1,
          "u": "u",
          "nw": { "t": 400, "u": "g" },
          "ppuom": "0.5625per 100g",
          "img": "https://www.ocado.com/productImages/657/657886011_0_150x150.jpg"
        }
      },
      "ms": {
        "108530337": {
          "n": "Morrisons Rhubarb 400g",
          "p": 2.75,
          "q": 1,
          "u": "u",
          "nw": { "t": 400, "u": "g" },
          "ppuom": "6.88/kg",
          "img": "https://groceries.morrisons.com/images-v3/4b85987b-1398-4173-a0c1-3546047c9d74/693b16cf-f85a-4e38-bdf8-8bdc1256a6ae/300x300.jpg"
        }
      }
    },
    "watermelon": {},
    "fruit salad": {
      "oc": {
        "518238011": {
          "n": "M&S Classic Fruit Salad",
          "p": 3.9,
          "q": 1,
          "u": "u",
          "nw": { "t": 350, "u": "g" },
          "ppuom": "11.14per kg",
          "img": "https://www.ocado.com/productImages/518/518238011_0_150x150.jpg"
        },
        "518276011": {
          "n": "M&S Fruit Cocktail Salad",
          "p": 3.65,
          "q": 1,
          "u": "u",
          "nw": { "t": 350, "u": "g" },
          "ppuom": "10.43per kg",
          "img": "https://www.ocado.com/productImages/518/518276011_0_150x150.jpg"
        },
        "518278011": {
          "n": "M&S Rainbow Fruit Salad",
          "p": 3.65,
          "q": 1,
          "u": "u",
          "nw": { "t": 300, "u": "g" },
          "ppuom": "12.17per kg",
          "img": "https://www.ocado.com/productImages/518/518278011_0_150x150.jpg"
        },
        "523799011": {
          "n": "M&S Fruit Salad Selection",
          "p": 5.5,
          "q": 1,
          "u": "u",
          "nw": { "t": 550, "u": "g" },
          "ppuom": "10per kg",
          "img": "https://www.ocado.com/productImages/523/523799011_0_150x150.jpg"
        }
      },
      "ms": {
        "114574889": {
          "n": "Morrisons Exotic Fruit Salad   240g",
          "p": 2.4,
          "q": 1,
          "u": "u",
          "nw": { "t": 240, "u": "g" },
          "ppuom": "1.00/100gram",
          "img": "https://groceries.morrisons.com/images-v3/4b85987b-1398-4173-a0c1-3546047c9d74/81559687-c871-4248-a2ed-74965d69d6e4/300x300.jpg"
        },
        "114805780": {
          "n": "Del Monte Fresh Fruit Salad 110g",
          "p": 1.25,
          "q": 1,
          "u": "u",
          "nw": { "t": 110, "u": "g" },
          "ppuom": "1.14/100gram",
          "img": "https://groceries.morrisons.com/images-v3/4b85987b-1398-4173-a0c1-3546047c9d74/0518ea13-6472-4e0d-b01a-c9556ad354c9/300x300.jpg"
        }
      }
    },
    "coconut": {
      "as": {
        "30694": {
          "n": "ASDA Refreshing & Crunchy Coconut",
          "p": 0.98,
          "u": "Each",
          "nw": { "t": 1, "u": "u" },
          "ppuom": "98.0p/each",
          "img": "https://ui.assets-asda.com:443/dm/0000000007313"
        },
        "1000207494944": {
          "n": "ASDA Coconut Chunks",
          "p": 0.98,
          "u": "Each",
          "nw": { "t": 80, "u": "g" },
          "ppuom": "£12.25/kg",
          "img": "https://ui.assets-asda.com:443/dm/5057172285778"
        }
      },
      "tc": {
        "278721090": {
          "n": "Coconut Each",
          "p": 1.25,
          "q": 1,
          "u": "u",
          "nw": { "t": 1, "u": "u" },
          "ppuom": "£1.25/each",
          "img": "https://digitalcontent.api.tesco.com/v2/media/ghs/b0ba1107-e694-4b79-a7ff-68383639ac29/7ae1d305-d534-44b7-bce3-59a90e54dc58_1634226871.jpeg?h=225&w=225"
        },
        "302986874": {
          "n": "Tesco Coconut 80G",
          "p": 1.4,
          "q": 1,
          "u": "u",
          "nw": { "t": 80, "u": "g" },
          "ppuom": "£17.50/kg",
          "img": "https://digitalcontent.api.tesco.com/v2/media/ghs/992c6750-17e6-4213-bf57-8271b36ac2f7/6a3e53e2-9dd4-4310-a31d-062b590cfa57.jpeg?h=225&w=225"
        }
      },
      "ms": {
        "108412841": {
          "n": "Morrisons Loose Coconut",
          "p": 1,
          "q": 1,
          "u": "u",
          "nw": { "t": 1, "u": "u" },
          "ppuom": "1.00/each",
          "img": "https://groceries.morrisons.com/images-v3/4b85987b-1398-4173-a0c1-3546047c9d74/16ee40f7-5f92-461c-9f1d-c0c456293591/300x300.jpg"
        },
        "111993818": {
          "n": "Genuine Coconut Organic Drinking Coconut",
          "p": 2,
          "q": 1,
          "u": "u",
          "nw": { "t": 1, "u": "u" },
          "ppuom": "2.00/each",
          "img": "https://groceries.morrisons.com/images-v3/4b85987b-1398-4173-a0c1-3546047c9d74/0880ad86-9e18-41c9-8abc-c2c4de110b63/300x300.jpg"
        },
        "114130225": {
          "n": "Morrisons Dried Coconut Chips ",
          "p": 3,
          "q": 1,
          "u": "u",
          "nw": { "t": 200, "u": "g" },
          "ppuom": "15.00/kg",
          "img": "https://groceries.morrisons.com/images-v3/4b85987b-1398-4173-a0c1-3546047c9d74/fa706f05-8f58-4a7d-8a4b-dbf53f12bb6d/300x300.jpg"
        },
        "114389421": {
          "n": "Market Street Genuine Drinking Coconut",
          "p": 2,
          "q": 1,
          "u": "u",
          "nw": { "t": 1, "u": "u" },
          "ppuom": "2.00/each",
          "img": "https://groceries.morrisons.com/images-v3/4b85987b-1398-4173-a0c1-3546047c9d74/5451b88d-ee9a-4949-8fd0-d55804fb6599/300x300.jpg"
        },
        "114425445": {
          "n": "Love Me Tender Diced Coconut ",
          "p": 1.35,
          "q": 1,
          "u": "u",
          "nw": { "t": 80, "u": "g" },
          "ppuom": "1.69/100gram",
          "img": "https://groceries.morrisons.com/images-v3/4b85987b-1398-4173-a0c1-3546047c9d74/081e7d62-c583-486d-b4c8-0a159da72ebc/300x300.jpg"
        }
      }
    },
    "pomegranate": {
      "al": {
        "000000000000278540": {
          "n": "Pomegranate",
          "p": 1.15,
          "q": 1,
          "u": "ea",
          "nw": { "t": 1, "u": "u" },
          "img": "https://dm.emea.cms.aldi.cx/is/image/aldiprodeu/product/jpg/scaleWidth/300/986be1d7-8032-49f7-abba-bd94d83eb72a/{slug}"
        },
        "000000000000339903": {
          "n": "Pomegranate Seeds",
          "p": 0.89,
          "q": 1,
          "u": "ea",
          "nw": { "t": 80, "u": "g" },
          "img": "https://dm.emea.cms.aldi.cx/is/image/aldiprodeu/product/jpg/scaleWidth/300/e0d352b1-a9c7-4c9d-993b-6817aaf3f9fb/{slug}"
        }
      },
      "as": {
        "910000931586": {
          "n": "ASDA Sweet & Crunchy Pomegranate Seeds",
          "p": 1.12,
          "u": "Each",
          "nw": { "t": 80, "u": "g" },
          "ppuom": "£14.00/kg",
          "img": "https://ui.assets-asda.com:443/dm/5052449734355"
        },
        "1000009535950": {
          "n": "ASDA Sweet & Crunchy Pomegranate Seeds",
          "p": 2.04,
          "u": "Each",
          "nw": { "t": 200, "u": "g" },
          "ppuom": "£10.20/kg",
          "img": "https://ui.assets-asda.com:443/dm/5054781796879"
        },
        "910001290204": {
          "n": "ASDA Pomegranate",
          "p": 1.23,
          "u": "Each",
          "nw": { "t": 1, "u": "u" },
          "ppuom": "£1.23/each",
          "img": "https://ui.assets-asda.com:443/dm/5050854807206"
        }
      },
      "tc": {
        "253554982": {
          "n": "Tesco Pomegranates Each",
          "p": 1.5,
          "q": 1,
          "u": "u",
          "nw": { "t": 1, "u": "u" },
          "ppuom": "£1.50/each",
          "img": "https://digitalcontent.api.tesco.com/v2/media/ghs/b55fe032-41a3-46ad-a71b-ef083805f147/1f305b2c-c783-4289-a017-a410a6fa6b58.jpeg?h=225&w=225"
        },
        "273888602": {
          "n": "Tesco Pomegranate Seeds 80G",
          "p": 1.4,
          "q": 1,
          "u": "u",
          "nw": { "t": 80, "u": "g" },
          "ppuom": "£17.50/kg",
          "img": "https://digitalcontent.api.tesco.com/v2/media/ghs/fed512ac-54b3-4fd7-9d46-f234b80dec9a/c0f9c274-1948-4ecb-8584-fea31fb1c1b6.jpeg?h=225&w=225"
        },
        "295747045": {
          "n": "Tesco Pomegranate 250G",
          "p": 2.55,
          "q": 1,
          "u": "u",
          "nw": { "t": 250, "u": "g" },
          "ppuom": "£10.20/kg",
          "img": "https://digitalcontent.api.tesco.com/v2/media/ghs/3147054b-99b7-4344-ab2a-d210379bbe19/7eaf3ea3-3a17-4509-8859-39f3417a92a9.jpeg?h=225&w=225"
        },
        "302987739": {
          "n": "Tesco Pomegranate 80G",
          "p": 1.4,
          "q": 1,
          "u": "u",
          "nw": { "t": 80, "u": "g" },
          "ppuom": "£17.50/kg",
          "img": "https://digitalcontent.api.tesco.com/v2/media/ghs/bfe0a193-5565-4b53-9bf7-f80374840836/0aeb497b-4ad5-4f12-8535-bb982453e336.jpeg?h=225&w=225"
        }
      },
      "oc": {
        "73002011": {
          "n": "Ocado Pomegranate",
          "p": 1.5,
          "q": 1,
          "u": "u",
          "nw": { "t": 1, "u": "u" },
          "img": "https://www.ocado.com/productImages/730/73002011_0_150x150.jpg"
        },
        "241566011": {
          "n": "Ocado Pomegranate Seeds",
          "p": 2.6,
          "q": 1,
          "u": "u",
          "nw": { "t": 250, "u": "g" },
          "ppuom": "10.4per kg",
          "img": "https://www.ocado.com/productImages/241/241566011_0_150x150.jpg"
        },
        "518224011": {
          "n": "M&S Pomegranate Rubies",
          "p": 2.8,
          "q": 1,
          "u": "u",
          "nw": { "t": 200, "u": "g" },
          "ppuom": "14per kg",
          "img": "https://www.ocado.com/productImages/518/518224011_0_150x150.jpg"
        },
        "518342011": {
          "n": "M&S Pomegranate",
          "p": 2.5,
          "q": 1,
          "u": "u",
          "nw": { "t": 1, "u": "u" },
          "img": "https://www.ocado.com/productImages/518/518342011_0_150x150.jpg"
        },
        "528342011": {
          "n": "M&S Pomegranate Rubies",
          "p": 3.9,
          "q": 1,
          "u": "u",
          "nw": { "t": 350, "u": "g" },
          "ppuom": "11.14per kg",
          "img": "https://www.ocado.com/productImages/528/528342011_0_150x150.jpg"
        }
      },
      "ms": {
        "111002105": {
          "n": "Morrisons Loose Pomegranate",
          "p": 1.5,
          "q": 1,
          "u": "u",
          "nw": { "t": 1, "u": "u" },
          "ppuom": "1.50/each",
          "img": "https://groceries.morrisons.com/images-v3/4b85987b-1398-4173-a0c1-3546047c9d74/ac29f672-e341-4106-99eb-c45117cefa35/300x300.jpg"
        },
        "111668003": {
          "n": "Morrisons Pomegranate",
          "p": 1.35,
          "q": 1,
          "u": "u",
          "nw": { "t": 80, "u": "g" },
          "ppuom": "1.69/100gram",
          "img": "https://groceries.morrisons.com/images-v3/4b85987b-1398-4173-a0c1-3546047c9d74/06785f15-248f-4fdc-bd43-1129b2395d36/300x300.jpg"
        },
        "112767804": {
          "n": "Morrisons Pomegranate",
          "p": 2.4,
          "q": 1,
          "u": "u",
          "nw": { "t": 200, "u": "g" },
          "ppuom": "1.20/100gram",
          "img": "https://groceries.morrisons.com/images-v3/4b85987b-1398-4173-a0c1-3546047c9d74/4eac687f-1eb0-4b5c-afd3-650a73b0e19b/300x300.jpg"
        },
        "113695937": {
          "n": "Morrisons Pomegranate",
          "p": 1.8,
          "q": 1,
          "u": "u",
          "nw": { "t": 3, "u": "u" },
          "ppuom": "0.60/each",
          "img": "https://groceries.morrisons.com/images-v3/4b85987b-1398-4173-a0c1-3546047c9d74/9467279b-b2ea-409e-802f-74caa60a8888/300x300.jpg"
        },
        "114281517": {
          "n": "Morrisons The Best Pomegranate",
          "p": 1.75,
          "q": 1,
          "u": "u",
          "nw": { "t": 1, "u": "u" },
          "ppuom": "1.75/each",
          "img": "https://groceries.morrisons.com/images-v3/4b85987b-1398-4173-a0c1-3546047c9d74/7f7fb899-a57b-488b-8129-d77525670833/300x300.jpg"
        }
      }
    },
    "strawberries": {},
    "raspberries": {},
    "cranberries": {},
    "blackberries": {},
    "clementine": {
      "oc": {
        "66805011": {
          "n": "Natoora Spanish Golden Nugget Clementines",
          "p": 3.95,
          "q": 1,
          "u": "u",
          "nw": { "t": 500, "u": "g" },
          "ppuom": "7.9per kg",
          "img": "https://www.ocado.com/productImages/668/66805011_0_150x150.jpg"
        }
      }
    },
    "lime": {
      "al": {
        "000000000000285988": {
          "n": "Limes",
          "p": 1.19,
          "q": 1,
          "u": "pac",
          "nw": { "t": 5, "u": "u" },
          "img": "https://dm.emea.cms.aldi.cx/is/image/aldiprodeu/product/jpg/scaleWidth/300/a535a4d7-f757-4bcc-81bd-bd81d2758b11/{slug}"
        }
      },
      "tc": {
        "253560634": {
          "n": "Tesco Limes Each",
          "p": 0.24,
          "q": 1,
          "u": "u",
          "nw": { "t": 1, "u": "u" },
          "ppuom": "£0.24/each",
          "img": "https://digitalcontent.api.tesco.com/v2/media/ghs/b17a565e-4401-4e4a-a98d-760efff2d156/f1548f7b-741e-4f91-8254-fb24635d2bc1.jpeg?h=225&w=225"
        },
        "265891385": {
          "n": "Tesco Limes Minimum 5 Pack",
          "p": 1.19,
          "q": 1,
          "u": "u",
          "nw": { "t": 5, "u": "u" },
          "ppuom": "£0.24/each",
          "img": "https://digitalcontent.api.tesco.com/v2/media/ghs/ee08a527-fa1d-476c-a306-ffc5939ac024/95bfa680-2110-4025-a1b6-26c5abe3bbd9.jpeg?h=225&w=225"
        }
      },
      "oc": {
        "66576011": {
          "n": "Ocado Limes",
          "p": 1,
          "q": 1,
          "u": "u",
          "nw": { "t": 5, "u": "u" },
          "ppuom": "0.2each",
          "img": "https://www.ocado.com/productImages/665/66576011_0_150x150.jpg"
        },
        "225811011": {
          "n": "Natoora Organic Unwaxed Limes",
          "p": 2.1,
          "q": 1,
          "u": "u",
          "nw": { "t": 2, "u": "u" },
          "ppuom": "1.05each",
          "img": "https://www.ocado.com/productImages/225/225811011_0_150x150.jpg"
        },
        "281539011": {
          "n": "Wholegood Organic Unwaxed Limes",
          "p": 2.5,
          "q": 1,
          "u": "u",
          "nw": { "t": 3, "u": "u" },
          "ppuom": "0.833each",
          "img": "https://www.ocado.com/productImages/281/281539011_0_150x150.jpg"
        },
        "528789011": {
          "n": "M&S Limes",
          "p": 1.6,
          "q": 1,
          "u": "u",
          "nw": { "t": 5, "u": "u" },
          "ppuom": "0.32each",
          "img": "https://www.ocado.com/productImages/528/528789011_0_150x150.jpg"
        },
        "550626011": {
          "n": "Ocado Limes Twin Pack",
          "p": 0.75,
          "q": 1,
          "u": "u",
          "nw": { "t": 2, "u": "u" },
          "ppuom": "0.375each",
          "img": "https://www.ocado.com/productImages/550/550626011_0_150x150.jpg"
        }
      },
      "ms": {
        "108379593": {
          "n": "Morrisons Loose Lime",
          "p": 0.24,
          "q": 1,
          "u": "u",
          "nw": { "t": 1, "u": "u" },
          "ppuom": "0.24/each",
          "img": "https://groceries.morrisons.com/images-v3/4b85987b-1398-4173-a0c1-3546047c9d74/c5fe49dc-7a04-48bc-aa8a-828097e656d6/300x300.jpg"
        },
        "109567748": {
          "n": "Morrisons Limes 4 Pack",
          "p": 0.95,
          "q": 1,
          "u": "u",
          "nw": { "t": 4, "u": "u" },
          "ppuom": "0.24/each",
          "img": "https://groceries.morrisons.com/images-v3/4b85987b-1398-4173-a0c1-3546047c9d74/4dcb6d8c-6c50-496a-a48f-47d22ce48baa/300x300.jpg"
        }
      }
    },
    "grapefruit": {
      "al": {
        "000000000000265633": {
          "n": "Red Grapefruit",
          "p": 0.49,
          "q": 1,
          "u": "ea",
          "nw": { "t": 1, "u": "u" },
          "img": "https://dm.emea.cms.aldi.cx/is/image/aldiprodeu/product/jpg/scaleWidth/300/7cd89c2e-be73-4ce2-b2bc-1010723f01ee/{slug}"
        }
      },
      "as": {
        "28718": {
          "n": "ASDA Loose Red Grapefruit",
          "p": 0.52,
          "u": "Each",
          "nw": { "t": 1, "u": "u" },
          "ppuom": "47.0p/each",
          "img": "https://ui.assets-asda.com:443/dm/0000000042888"
        },
        "910000219386": {
          "n": "ASDA Sweet & Tart Grapefruits",
          "p": 1.48,
          "u": "Each",
          "nw": { "t": 3, "u": "u" },
          "ppuom": "46.0p/each",
          "img": "https://ui.assets-asda.com:443/dm/5051413765043"
        }
      },
      "tc": {
        "253561443": {
          "n": "Tesco Red Grapefruit Each",
          "p": 0.45,
          "q": 1,
          "u": "u",
          "nw": { "t": 1, "u": "u" },
          "ppuom": "£0.45/each",
          "img": "https://digitalcontent.api.tesco.com/v2/media/ghs/e05be766-c6d9-41b1-8293-de42f3c3cc22/a8091b8e-04b5-4621-9fda-fbfa0a651f34_903453066.jpeg?h=225&w=225"
        }
      },
      "oc": {
        "91363011": {
          "n": "Wholegood Organic Ruby Grapefruits",
          "p": 3.5,
          "q": 1,
          "u": "u",
          "nw": { "t": 2, "u": "u" },
          "ppuom": "1.75each",
          "img": "https://www.ocado.com/productImages/913/91363011_0_150x150.jpg"
        },
        "409845011": {
          "n": "Natoora Organic Corsican Pink Grapefruit",
          "p": 3.2,
          "q": 1,
          "u": "u",
          "nw": { "t": 1, "u": "u" },
          "img": "https://www.ocado.com/productImages/409/409845011_0_150x150.jpg"
        },
        "443008011": {
          "n": "Ocado Red Grapefruit",
          "p": 0.55,
          "q": 1,
          "u": "u",
          "nw": { "t": 1, "u": "u" },
          "img": "https://www.ocado.com/productImages/443/443008011_0_150x150.jpg"
        },
        "518289011": {
          "n": "M&S Red Grapefruit",
          "p": 0.65,
          "q": 1,
          "u": "u",
          "nw": { "t": 1, "u": "u" },
          "img": "https://www.ocado.com/productImages/518/518289011_0_150x150.jpg"
        }
      },
      "ms": {
        "108376245": {
          "n": "Morrisons White Grapefruit",
          "p": 0.49,
          "q": 1,
          "u": "u",
          "nw": { "t": 1, "u": "u" },
          "ppuom": "0.49/each",
          "img": "https://groceries.morrisons.com/images-v3/4b85987b-1398-4173-a0c1-3546047c9d74/3a18e99e-5817-4ee9-b31d-c5bd1b4a1904/300x300.jpg"
        },
        "108376270": {
          "n": "Morrisons Loose Red Grapefruit",
          "p": 0.55,
          "q": 1,
          "u": "u",
          "nw": { "t": 1, "u": "u" },
          "ppuom": "0.55/each",
          "img": "https://groceries.morrisons.com/images-v3/4b85987b-1398-4173-a0c1-3546047c9d74/6a8e5c5e-0df5-40b6-8c70-c7e135c11ac9/300x300.jpg"
        },
        "112329433": {
          "n": "Morrisons The Best Florida Pink Grapefruit",
          "p": 0.8,
          "q": 1,
          "u": "u",
          "nw": { "t": 1, "u": "u" },
          "ppuom": "0.80/each",
          "img": "https://groceries.morrisons.com/images-v3/4b85987b-1398-4173-a0c1-3546047c9d74/436a8953-6984-46cc-a74d-a255802465cb/300x300.jpg"
        }
      }
    },
    "tangerine": {
      "oc": {
        "525572011": {
          "n": "M&S Tangerines Family Pack",
          "p": 2.5,
          "q": 1,
          "u": "u",
          "nw": { "t": 600, "u": "g" },
          "ppuom": "0.417per 100g",
          "img": "https://www.ocado.com/productImages/525/525572011_0_150x150.jpg"
        }
      },
      "ms": {
        "108379497": {
          "n": "Morrisons Tangerines ",
          "p": 1.5,
          "q": 1,
          "u": "u",
          "nw": { "t": 600, "u": "g" },
          "ppuom": "2.50/kg",
          "img": "https://groceries.morrisons.com/images-v3/4b85987b-1398-4173-a0c1-3546047c9d74/08506182-53a8-482e-a7a8-6709986b1593/300x300.jpg"
        }
      }
    }
  }
}
