{"ts":{"ms":"2025-05-19T16:23:30.964Z"},"items":{"tomato":{"al":{"000000000000275529":{"n":"Cherry Tomatoes","p":0.99,"q":1,"u":"pac","nw":{"t":330,"u":"g"},"img":"https://dm.emea.cms.aldi.cx/is/image/aldiprodeu/product/jpg/scaleWidth/300/2e64e7b4-2085-4e57-8268-87e6350a7f2a/{slug}"},"000000000000275531":{"n":"Cherry Tomatoes","p":0.69,"q":1,"u":"pac","nw":{"t":250,"u":"g"},"img":"https://dm.emea.cms.aldi.cx/is/image/aldiprodeu/product/jpg/scaleWidth/300/c6f0636c-b7d2-4c9c-ba97-bda7bf34d242/{slug}"},"000000000000275569":{"n":"Salad Tomatoes","p":0.99,"q":1,"u":"pac","nw":{"t":6,"u":"u"},"img":"https://dm.emea.cms.aldi.cx/is/image/aldiprodeu/product/jpg/scaleWidth/300/421c4140-bfed-4dbb-841a-8d7a4d069779/{slug}"},"000000000000275574":{"n":"Salad Tomatoes","p":1.39,"q":1,"u":"pac","nw":{"t":650,"u":"g"},"img":"https://dm.emea.cms.aldi.cx/is/image/aldiprodeu/product/jpg/scaleWidth/300/a865087a-f529-4d85-91cb-62978abe7c37/{slug}"},"000000000000339953":{"n":"Piccolato Tomatoes","p":1.79,"q":1,"u":"ea","nw":{"t":220,"u":"g"},"img":"https://dm.emea.cms.aldi.cx/is/image/aldiprodeu/product/jpg/scaleWidth/300/0398cf32-1ede-4a2f-a426-087a82c00753/{slug}"},"000000000000339961":{"n":"Marzano Tomatoes","p":1.79,"q":1,"u":"ea","nw":{"t":250,"u":"g"},"img":"https://dm.emea.cms.aldi.cx/is/image/aldiprodeu/product/jpg/scaleWidth/300/5af07b78-5b59-4a4e-9eaf-13d13997a440/{slug}"},"000000000000523280":{"n":"Piccolato Tomatoes","p":2.59,"q":1,"u":"ea","nw":{"t":400,"u":"g"},"img":"https://dm.emea.cms.aldi.cx/is/image/aldiprodeu/product/jpg/scaleWidth/300/6892fef8-93b7-4b61-975c-c68a6d9ec1da/{slug}"},"000000000000275227":{"n":"Baby Plum Tomatoes","p":0.8,"q":1,"u":"pac","nw":{"t":325,"u":"g"},"img":"https://dm.emea.cms.aldi.cx/is/image/aldiprodeu/product/jpg/scaleWidth/300/42d42da4-75b8-4f2d-8015-c8fa7d05770c/{slug}"},"000000000000275259":{"n":"Baby Plum Tomatoes","p":0.59,"q":1,"u":"pac","nw":{"t":250,"u":"g"},"img":"https://dm.emea.cms.aldi.cx/is/image/aldiprodeu/product/jpg/scaleWidth/300/c75cad26-8523-49f6-8a16-962752967351/{slug}"},"000000000000275557":{"n":"Irish Vine Tomatoes","p":1.19,"q":1,"u":"pac","nw":{"t":500,"u":"g"},"img":"https://dm.emea.cms.aldi.cx/is/image/aldiprodeu/product/jpg/scaleWidth/300/6dfa4cf5-ce6a-4e0f-9ac7-ee3f9ecbfcc2/{slug}"},"000000000000339960":{"n":"Regal Vine Tomatoes","p":1.59,"q":1,"u":"ea","nw":{"t":450,"u":"g"},"img":"https://dm.emea.cms.aldi.cx/is/image/aldiprodeu/product/jpg/scaleWidth/300/d6d73a6b-1437-438c-8b0c-7f89b0a7d404/{slug}"},"000000000000275568":{"n":"Sweet Vine Ripened Tomatoes","p":0.95,"q":1,"u":"pac","nw":{"t":255,"u":"g"},"img":"https://dm.emea.cms.aldi.cx/is/image/aldiprodeu/product/jpg/scaleWidth/300/25e20bd1-201f-4b1b-b5e2-c90e73a76388/{slug}"}},"as":{"41770":{"n":"ASDA Organic Vine Tomatoes","p":2.2,"u":"Each","nw":{"t":1,"u":"u"},"ppuom":"£2.20/each","img":"https://ui.assets-asda.com:443/dm/0000023064232"},"393295":{"n":"ASDA Sweet & Balanced Salad Tomatoes","p":1.68,"u":"Each","nw":{"t":750,"u":"g"},"ppuom":"£2.24/kg","img":"https://ui.assets-asda.com:443/dm/0000023015364"},"1000383275855":{"n":"Exceptional by ASDA Vine Ripened Tomatoes","p":1.64,"u":"Each","nw":{"t":4,"u":"u"},"ppuom":"41.0p/each","img":"https://ui.assets-asda.com:443/dm/5063089866597  "},"1000383275887":{"n":"Exceptional by ASDA Aromatico Tomatoes 440g","p":2.72,"u":"Each","nw":{"t":440,"u":"g"},"ppuom":"£6.18/kg","img":"https://ui.assets-asda.com:443/dm/5063089866573  "},"1000383276031":{"n":"Exceptional by ASDA Petite Plum Vine Tomatoes 220g","p":1.64,"u":"Each","nw":{"t":220,"u":"g"},"ppuom":"£7.45/kg","img":"https://ui.assets-asda.com:443/dm/5063089866634  "},"1000383275952":{"n":"Exceptional by ASDA Petite Plum Vine Tomatoes 440g","p":2.72,"u":"Each","nw":{"t":440,"u":"g"},"ppuom":"£6.18/kg","img":"https://ui.assets-asda.com:443/dm/5063089866658"},"1000383202867":{"n":"ASDA Crunchy & Juicy Cherry Tomatoes 300g","p":0.78,"u":"Each","nw":{"t":300,"u":"g"},"ppuom":"£2.60/kg","img":"https://ui.assets-asda.com:443/dm/5063089295373"},"1000383275985":{"n":"Exceptional by ASDA Aromatico Tomatoes 220g","p":1.58,"u":"Each","nw":{"t":220,"u":"g"},"ppuom":"£7.18/kg","img":"https://ui.assets-asda.com:443/dm/5063089866559"},"1000383232365":{"n":"ASDA Fragrant & Juicy Sweet Vine Ripened Tomatoes 250g","p":1,"u":"Each","nw":{"t":250,"u":"g"},"ppuom":"£4.00/kg","img":"https://ui.assets-asda.com:443/dm/5063089515839"},"910003089051":{"n":"JUST ESSENTIALS by ASDA Salad Tomatoes","p":0.99,"u":"Each","nw":{"t":6,"u":"u"},"ppuom":"16.5p/each","img":"https://ui.assets-asda.com:443/dm/5054781579571"},"1000383202879":{"n":"ASDA Sweet & Fruity Baby Plum Tomatoes 300g","p":0.8,"u":"Each","nw":{"t":300,"u":"g"},"ppuom":"£2.67/kg","img":"https://ui.assets-asda.com:443/dm/5063089295397"},"1000182530925":{"n":"ASDA Vine Ripened Cherry Tomatoes","p":1.08,"u":"Each","nw":{"t":1,"u":"u"},"ppuom":"£1.08/each","img":"https://ui.assets-asda.com:443/dm/5057172127030"},"910003082118":{"n":"JUST ESSENTIALS by ASDA Cherry Tomatoes","p":0.62,"u":"Each","nw":{"t":250,"u":"g"},"ppuom":"£2.48/kg","img":"https://ui.assets-asda.com:443/dm/5054781512301"},"910003087237":{"n":"ASDA Crunchy & Fragrant Vine Ripened Tomatoes","p":1.22,"u":"Each","nw":{"t":1,"u":"u"},"ppuom":"£1.22/each","img":"https://ui.assets-asda.com:443/dm/5054781512714"},"910003088739":{"n":"ASDA Beef Tomato","p":0.84,"u":"Each","nw":{"t":1,"u":"u"},"ppuom":"84.0p/each","img":"https://ui.assets-asda.com:443/dm/5054781512752"}},"tc":{"250993529":{"n":"Heinz Beanz In Tomato Sauce 200G","p":1,"q":1,"u":"u","nw":{"t":200,"u":"g"},"ppuom":"£5.00/kg","img":"https://digitalcontent.api.tesco.com/v2/media/ghs/4ae84b8c-c79b-40d2-9979-a1cd96cca6cd/1d980fa7-e60d-4b73-8e3d-f30cc2e72bcd_614863319.jpeg?h=225&w=225"},"251825089":{"n":"Tesco Italian Chopped Tomatoes 400G","p":0.49,"q":1,"u":"u","nw":{"t":400,"u":"g"},"ppuom":"£1.22/kg","img":"https://digitalcontent.api.tesco.com/v2/media/ghs/457aa3da-b667-42bf-a21b-4047e20b6d32/2161d93c-6469-41fe-9e75-09af8deec78b_367990590.jpeg?h=225&w=225"},"252004443":{"n":"Heinz Baked Beans In Tomato Sauce 4X415g","p":3.9,"q":1,"u":"u","nw":{"t":1660,"u":"g"},"ppuom":"£2.35/kg","img":"https://digitalcontent.api.tesco.com/v2/media/ghs/0e17f10e-a40a-446c-9842-494f99222de5/231bd6fa-3be2-4e77-b28c-8d18bbe2175b.jpeg?h=225&w=225"},"252261477":{"n":"Heinz Beanz In Tomato Sauce 415G","p":1.4,"q":1,"u":"u","nw":{"t":415,"u":"g"},"ppuom":"£3.37/kg","img":"https://digitalcontent.api.tesco.com/v2/media/ghs/4eae7318-7827-41b0-93a4-05c8a9af655c/e78220d0-1b27-4287-8c64-8e2458ccc4be_1723038645.jpeg?h=225&w=225"},"252514974":{"n":"Tesco Peeled Plum Tomatoes 4X400g","p":1.8,"q":1,"u":"u","nw":{"t":1600,"u":"g"},"ppuom":"£1.12/kg","img":"https://digitalcontent.api.tesco.com/v2/media/ghs/268e6ca7-7828-47f2-8567-3c1c628f48b2/96672d57-bc4b-44aa-822e-2d04e65b88cf.jpeg?h=225&w=225"},"252888323":{"n":"Tesco Italian Chopped Tomatoes 4 X 400G","p":1.8,"q":1,"u":"u","nw":{"t":400,"u":"g"},"ppuom":"£1.12/kg","img":"https://digitalcontent.api.tesco.com/v2/media/ghs/6f0126bb-3fec-4473-a91d-64128f454309/3ae5aa69-ebc5-4215-979e-638a79658ae9.jpeg?h=225&w=225"},"253034146":{"n":"Heinz Baked Beans In Tomato Sauce 6 X 415G","p":5.25,"q":1,"u":"u","nw":{"t":415,"u":"g"},"ppuom":"£2.11/kg","img":"https://digitalcontent.api.tesco.com/v2/media/ghs/9365e36b-8c1f-46aa-af5c-4a40e52ec79a/c1bfbe96-761c-47ad-a9d6-7646719b54e7_1161564709.jpeg?h=225&w=225"},"254051665":{"n":"Tesco Italian Chopped Tomatoes227g","p":0.4,"q":1,"u":"u","nw":{"t":227,"u":"g"},"ppuom":"£1.76/kg","img":"https://digitalcontent.api.tesco.com/v2/media/ghs/fe546f39-e1d4-4169-a266-af2df3f500d5/7b836639-676b-40f3-a4e5-72c828cb52fd_1714027517.jpeg?h=225&w=225"},"254299631":{"n":"Napolina Chopped Tomatoes 4 X 400G","p":3,"q":1,"u":"u","nw":{"t":400,"u":"g"},"ppuom":"£1.88/kg","img":"https://digitalcontent.api.tesco.com/v2/media/ghs/0957aa22-e076-4174-8d1f-4944b20d9f7f/dd6cdbe7-6b4a-4b40-8eac-ae1550baf2cb_602373744.jpeg?h=225&w=225"},"254757959":{"n":"Tesco Italian Finely Chopped Tomatoes 400G","p":0.49,"q":1,"u":"u","nw":{"t":400,"u":"g"},"ppuom":"£1.22/kg","img":"https://digitalcontent.api.tesco.com/v2/media/ghs/4a30b433-537f-4052-9a1a-6e64778a04ba/32523422-8c5f-4857-857c-87ef613b038c_1741249518.jpeg?h=225&w=225"},"254874209":{"n":"Napolina Chopped Tomatoes 400G","p":1,"q":1,"u":"u","nw":{"t":400,"u":"g"},"ppuom":"£2.50/kg","img":"https://digitalcontent.api.tesco.com/v2/media/ghs/605fda51-8bfd-4a18-9502-575a183b0775/f8c36d8d-bdb9-400f-b3e9-f50a7e5ed3cc_401601766.jpeg?h=225&w=225"},"254874296":{"n":"Tesco Tomato Passata 500G","p":0.55,"q":1,"u":"u","nw":{"t":500,"u":"g"},"ppuom":"£1.10/kg","img":"https://digitalcontent.api.tesco.com/v2/media/ghs/0ef999cb-a8a3-4dd7-868a-8ab348adee50/b4a4c6d1-2d2e-44a2-9d77-e8ec8c806f45_371277528.jpeg?h=225&w=225"},"254876294":{"n":"Heinz Baked Beans In Tomato Sauce 150G","p":0.65,"q":1,"u":"u","nw":{"t":150,"u":"g"},"ppuom":"£4.33/kg","img":"https://digitalcontent.api.tesco.com/v2/media/ghs/b5a07083-1755-478e-a106-ea79007b9815/17fd8b35-fd00-43a9-82b1-f81d2803a039_1585334495.jpeg?h=225&w=225"},"254876305":{"n":"Tesco Baked Beans In Tomato Sauce 220G","p":0.25,"q":1,"u":"u","nw":{"t":220,"u":"g"},"ppuom":"£1.14/kg","img":"https://digitalcontent.api.tesco.com/v2/media/ghs/ee454895-8935-4e19-a536-a128ce1f8fa7/938dfa57-8f7c-41b5-a95f-a8d9d32724be_65993902.jpeg?h=225&w=225"},"254954991":{"n":"Tesco Cheese & Tomato Pasta 300G","p":1.8,"q":1,"u":"u","nw":{"t":300,"u":"g"},"ppuom":"£0.60/100g","img":"https://digitalcontent.api.tesco.com/v2/media/ghs/6b343cad-37c6-443d-b2c5-db5cc63484fc/ef663e2d-dbe7-43aa-97bd-4b7b93fb7d93.jpeg?h=225&w=225"},"254999782":{"n":"Tesco Beef Tomatoes Each","p":0.9,"q":1,"u":"u","nw":{"t":1,"u":"u"},"ppuom":"£0.90/each","img":"https://digitalcontent.api.tesco.com/v2/media/ghs/4d85b8e4-5149-4541-99c6-16d8ea9995d7/24c412d6-432b-4d7e-a9c8-7c9b75679c39.jpeg?h=225&w=225"},"255110600":{"n":"Tesco Beef Ravioli in Tomato & Beef Sauce 400g","p":0.95,"q":1,"u":"u","nw":{"t":400,"u":"g"},"ppuom":"£2.38/kg","img":"https://digitalcontent.api.tesco.com/v2/media/ghs/2da49dc2-e754-4516-8685-885b74a7f312/333a9764-d707-4388-becf-9d05c21e0087_1190033757.jpeg?h=225&w=225"},"256947789":{"n":"Tesco Baked Beans In Tomato Sauce 4X420g","p":1.6,"q":1,"u":"u","nw":{"t":1680,"u":"g"},"ppuom":"£0.95/kg","img":"https://digitalcontent.api.tesco.com/v2/media/ghs/6ac24ac8-53f5-4d6d-8203-2637922bae97/d27d6931-ace8-4261-9e62-4d860d169815.jpeg?h=225&w=225"},"258096908":{"n":"Branston Baked Beans In Tomato Sauce 4 X 410G","p":3,"q":1,"u":"u","nw":{"t":410,"u":"g"},"ppuom":"£1.83/kg","img":"https://digitalcontent.api.tesco.com/v2/media/ghs/ced606e1-ab24-4544-be19-d483c37f0172/7a24c6e3-ddda-4d53-994e-40b2452b0975.jpeg?h=225&w=225"},"258318609":{"n":"Tesco Cheese Ravioli In Tomato Sauce 400G","p":0.95,"q":1,"u":"u","nw":{"t":400,"u":"g"},"ppuom":"£2.38/kg","img":"https://digitalcontent.api.tesco.com/v2/media/ghs/c025a1e7-59fb-4bd8-be84-4c690714df92/8af62867-25f6-4da4-9e50-cea943004e93_821785792.jpeg?h=225&w=225"},"258510116":{"n":"Tesco Baked Beans In Tomato Sauce 420G","p":0.42,"q":1,"u":"u","nw":{"t":420,"u":"g"},"ppuom":"£1.00/kg","img":"https://digitalcontent.api.tesco.com/v2/media/ghs/5ad0f69e-44f6-4463-8a62-31136d66bc7e/64a15e25-c726-4509-9f2a-3b960e53de12_426981056.jpeg?h=225&w=225"},"258763488":{"n":"Tesco Tomato Chutney 300G","p":1.4,"q":1,"u":"u","nw":{"t":300,"u":"g"},"ppuom":"£0.47/100g","img":"https://digitalcontent.api.tesco.com/v2/media/ghs/e599cede-08a6-4c87-8ff6-b80566fa508d/42fa0b1a-c376-421e-b0b1-aa260f94a8c4_1779456610.jpeg?h=225&w=225"},"259318844":{"n":"Tesco Italian Chopped Tomatoes - A Hint of Garlic 390g","p":0.85,"q":1,"u":"u","nw":{"t":390,"u":"g"},"ppuom":"£2.18/kg","img":"https://digitalcontent.api.tesco.com/v2/media/ghs/c9d5e7b3-8912-489e-8ac2-0f23a43f8406/2d3a97b0-79ff-4c41-8b10-d46a58144420_203191338.jpeg?h=225&w=225"},"263740372":{"n":"Napolina Chopped Tomatoes With Garlic 400G","p":1,"q":1,"u":"u","nw":{"t":400,"u":"g"},"ppuom":"£2.50/kg","img":"https://digitalcontent.api.tesco.com/v2/media/ghs/9c9bfdbe-8c42-41e8-bd01-dd0dc1c24f82/300e4dcd-af8d-4713-9524-80e209f67e2c_94188158.jpeg?h=225&w=225"},"263741025":{"n":"Napolina Tomato Passata 500G","p":1.2,"q":1,"u":"u","nw":{"t":500,"u":"g"},"ppuom":"£2.40/kg","img":"https://digitalcontent.api.tesco.com/v2/media/ghs/2d052df4-bca0-4380-92e4-434e41451bb5/a53b3073-1a4e-4da2-98a7-4dab654b8ced_2071843727.jpeg?h=225&w=225"},"264771074":{"n":"Heinz Ravioli In Tomato Sauce 400G","p":2,"q":1,"u":"u","nw":{"t":400,"u":"g"},"ppuom":"£5.00/kg","img":"https://digitalcontent.api.tesco.com/v2/media/ghs/201ba37f-a0fe-4b8c-abcc-469aaf803759/4f9b3c0c-7aef-4cf5-a09e-cfef78bb8aa6_370527978.jpeg?h=225&w=225"},"264880647":{"n":"Heinz Cheese and Tomato Pasta Stars Baby Food Jar 200g","p":1.2,"q":1,"u":"u","nw":{"t":200,"u":"g"},"ppuom":"£6.00/kg","img":"https://digitalcontent.api.tesco.com/v2/media/ghs/4cfebf0f-d955-4153-834a-b19a17638d5b/9c463d9d-d0ee-4aba-83f5-f245a192ca12_493693593.jpeg?h=225&w=225"},"265431504":{"n":"Old El Paso Tomato & Pepper Fajita Kit 505G","p":3.8,"q":1,"u":"u","nw":{"t":505,"u":"g"},"ppuom":"£7.52/kg","img":"https://digitalcontent.api.tesco.com/v2/media/ghs/02048410-c868-49a4-bcc1-198597568d39/d4a51ea7-ba9f-4f8f-a764-1d560676887d_1467728659.jpeg?h=225&w=225"},"266578951":{"n":"Tesco Finest Sundried Tomato Pesto Rosso 190G","p":2.2,"q":1,"u":"u","nw":{"t":190,"u":"g"},"ppuom":"£1.16/100g","img":"https://digitalcontent.api.tesco.com/v2/media/ghs/ef4b94ac-80d6-4be9-80f0-9bc8a58fc9f3/ebcb7fb5-3824-4c74-85de-62b4622797b2_1263752296.jpeg?h=225&w=225"},"266989316":{"n":"Tesco Organic Italian Chopped Tomatoes 390G","p":1.3,"q":1,"u":"u","nw":{"t":390,"u":"g"},"ppuom":"£3.33/kg","img":"https://digitalcontent.api.tesco.com/v2/media/ghs/16254da9-04d5-49e1-be50-827b79f16159/b2fa00c7-e5f0-444b-83ff-c6c8c1bc5d09_250137355.jpeg?h=225&w=225"},"267747957":{"n":"Cirio Chopped Tomatoes 4X400g","p":4.7,"q":1,"u":"u","nw":{"t":1600,"u":"g"},"ppuom":"£2.94/kg","img":"https://digitalcontent.api.tesco.com/v2/media/ghs/06588698-91e0-48db-bd22-1d1b76af6a82/ad413685-ce8c-48bb-9563-fdea11057338_745202054.jpeg?h=225&w=225"},"268675677":{"n":"Tesco Tomato & Chilli Pesto 190G","p":0.99,"q":1,"u":"u","nw":{"t":190,"u":"g"},"ppuom":"£0.52/100g","img":"https://digitalcontent.api.tesco.com/v2/media/ghs/94a05b86-efb9-4d32-a6f6-4e55cbe52486/cd6addac-6160-47fa-9203-52452375811e_930867205.jpeg?h=225&w=225"},"273724002":{"n":"Heinz Baked Beans Five Beanz In Tomato Sauce 415G","p":1.4,"q":1,"u":"u","nw":{"t":415,"u":"g"},"ppuom":"£3.37/kg","img":"https://digitalcontent.api.tesco.com/v2/media/ghs/03e39308-9ada-4d63-ba4d-146da7190d30/a2d6b1bd-5c36-44c9-8192-e739ebd4ba0f_1926784509.jpeg?h=225&w=225"},"275205504":{"n":"Branston Baked Beans In Tomato Sauce 410G","p":1,"q":1,"u":"u","nw":{"t":410,"u":"g"},"ppuom":"£2.44/kg","img":"https://digitalcontent.api.tesco.com/v2/media/ghs/7e44884b-d554-4203-85a0-801872eb5926/19486aa8-842f-4a91-81f6-be617b3f3d4b_393947488.jpeg?h=225&w=225"},"275206048":{"n":"Branston Reduced Sugar And Salt Baked Beans In Tomato Sauce 410G","p":1,"q":1,"u":"u","nw":{"t":410,"u":"g"},"ppuom":"£2.44/kg","img":"https://digitalcontent.api.tesco.com/v2/media/ghs/2a1029b2-75fe-4fa2-9b88-cb23434061b4/e732fd61-3e74-4021-b943-f8adcf66ba19_68157755.jpeg?h=225&w=225"},"276778394":{"n":"Tesco Organic Baked Beans In Tomato Sauce 420G","p":1,"q":1,"u":"u","nw":{"t":420,"u":"g"},"ppuom":"£2.38/kg","img":"https://digitalcontent.api.tesco.com/v2/media/ghs/befde5ae-1331-4782-b37e-9c4afe9e5bb0/6edc8fea-15aa-4e8b-9f95-4db4ac7944e0_1482358814.jpeg?h=225&w=225"},"278004806":{"n":"Tesco Finest Mini San Marzano Tomatoes 270G","p":2,"q":1,"u":"u","nw":{"t":270,"u":"g"},"ppuom":"£7.41/kg","img":"https://digitalcontent.api.tesco.com/v2/media/ghs/0d4aba41-81e9-4ce0-834d-9b2640c865d3/52a61fae-b69f-43a8-b176-4dc1fc63e4db_1845333946.jpeg?h=225&w=225"},"283222342":{"n":"Filippo Berio Sun Dried Tomato Pesto 190g","p":2.8,"q":1,"u":"u","nw":{"t":190,"u":"g"},"ppuom":"£1.47/100g","img":"https://digitalcontent.api.tesco.com/v2/media/ghs/e0e62037-a914-4b64-b962-89dd7fd30dc6/8d09ddcc-b729-4849-a88c-eba9cc66956f_554564792.jpeg?h=225&w=225"},"287593399":{"n":"Tesco Finest Mixed Baby Tomatoes 250G","p":2,"q":1,"u":"u","nw":{"t":250,"u":"g"},"ppuom":"£8.00/kg","img":"https://digitalcontent.api.tesco.com/v2/media/ghs/a9586b7a-a024-4c56-81a8-dcef845c8736/1f274f9f-8103-4e24-88c5-e0c2571ff3a5.jpeg?h=225&w=225"},"289055642":{"n":"Tesco Spaghetti Rings Sausages In Tomato Sauce 410G","p":1,"q":1,"u":"u","nw":{"t":410,"u":"g"},"ppuom":"£2.44/kg","img":"https://digitalcontent.api.tesco.com/v2/media/ghs/d34ac794-9bd2-409d-9978-8c1eebc09155/0b76e11e-2551-4685-b2de-c49df725cd30_292296199.jpeg?h=225&w=225"},"289806987":{"n":"Mutti Polpa Finely Chopped Tomatoes 400G","p":1.5,"q":1,"u":"u","nw":{"t":400,"u":"g"},"ppuom":"£3.75/kg","img":"https://digitalcontent.api.tesco.com/v2/media/ghs/3e313759-62d4-4028-bccc-7d2f209e6a46/f4069942-28e5-4fc2-ad8f-3a8a09a4edc9_589555014.jpeg?h=225&w=225"},"292213267":{"n":"Nightingale Farms Cherry Tomatoes 250G","p":0.69,"q":1,"u":"u","nw":{"t":250,"u":"g"},"ppuom":"£2.76/kg","img":"https://digitalcontent.api.tesco.com/v2/media/ghs/ad66ee3c-acbb-41c3-954a-4a04fc110cb6/4302568d-4100-4ca5-a4b7-2559cc634afa_1851066632.jpeg?h=225&w=225"},"296056918":{"n":"Tesco Salad Tomatoes 650G","p":1.5,"q":1,"u":"u","nw":{"t":650,"u":"g"},"ppuom":"£2.31/kg","img":"https://digitalcontent.api.tesco.com/v2/media/ghs/0b0488c2-ad14-4404-80a3-1bc2f79716ef/c6d7a1b8-5a1f-4a44-98ec-295719d93374.jpeg?h=225&w=225"},"299344694":{"n":"Hearty Food Co. 4 Mini Cheese And Tomato Pizzas 356g","p":2.15,"q":1,"u":"u","nw":{"t":356,"u":"g"},"ppuom":"£0.60/100g","img":"https://digitalcontent.api.tesco.com/v2/media/ghs/b4491d81-e30a-4678-85a5-c5d1b756b8c1/948dc4e9-e32a-401c-b4cf-771c598afb96.jpeg?h=225&w=225"},"299669062":{"n":"Stockwell & Co Baked Beans In Tomato Sauce 420G","p":0.28,"q":1,"u":"u","nw":{"t":420,"u":"g"},"ppuom":"£0.67/kg","img":"https://digitalcontent.api.tesco.com/v2/media/ghs/d8917a08-9d75-457f-990a-e16108d4e0cb/2259684c-55f9-439b-9677-c6178a506140_2020793860.jpeg?h=225&w=225"},"299768716":{"n":"Grower's Harvest Chopped Tomatoes 400G","p":0.45,"q":1,"u":"u","nw":{"t":400,"u":"g"},"ppuom":"£1.12/kg","img":"https://digitalcontent.api.tesco.com/v2/media/ghs/dea47680-9416-47b2-8bf5-d0b3476f911a/823d3aeb-1cbc-451c-88e4-76beb9f66f23_789328981.jpeg?h=225&w=225"},"300522822":{"n":"Grower's Harvest Plum Tomatoes 400G","p":0.45,"q":1,"u":"u","nw":{"t":400,"u":"g"},"ppuom":"£1.12/kg","img":"https://digitalcontent.api.tesco.com/v2/media/ghs/92cacdee-7787-4072-a106-e49438b6053d/8b389773-9472-4f31-9b64-7f4933fbc799_686821175.jpeg?h=225&w=225"},"305042610":{"n":"Tesco Finest Sweet Tomato & Birds Eye Chilli Chutney 220G","p":1.85,"q":1,"u":"u","nw":{"t":220,"u":"g"},"ppuom":"£0.84/100g","img":"https://digitalcontent.api.tesco.com/v2/media/ghs/cbe3275f-7f4b-4c5a-ad15-a17cc1bd3e23/b1536f7f-0a06-4f83-8ddd-57081755ac05_1832556373.jpeg?h=225&w=225"},"305834203":{"n":"Tesco Sweet Vine Ripened Tomatoes 255G","p":1.15,"q":1,"u":"u","nw":{"t":255,"u":"g"},"ppuom":"£4.51/kg","img":"https://digitalcontent.api.tesco.com/v2/media/ghs/75102690-d74b-4297-9a0e-e4333ee75314/fcffcd60-d923-4481-89ca-2736b1527553.jpeg?h=225&w=225"},"305973556":{"n":"Linda Mccartneys Vegetarian Tomato & Basil Meatballs 292G","p":2.5,"q":1,"u":"u","nw":{"t":292,"u":"g"},"ppuom":"£8.56/kg","img":"https://digitalcontent.api.tesco.com/v2/media/ghs/486bbd88-0e6b-43a3-8d29-4ec22b1d0ca6/3e9be66c-199f-49b4-be59-a8e1527f973c.jpeg?h=225&w=225"},"308091212":{"n":"Tesco Finest Piccobella Tomatoes 220G","p":2,"q":1,"u":"u","nw":{"t":220,"u":"g"},"ppuom":"£9.09/kg","img":"https://digitalcontent.api.tesco.com/v2/media/ghs/2596765b-7743-46e1-833f-fa57f96db881/7abaed32-54fe-4ada-a4c5-193a04376f13.jpeg?h=225&w=225"},"308481534":{"n":"Tesco Finest Sugarbelle Tomatoes 220G","p":2,"q":1,"u":"u","nw":{"t":220,"u":"g"},"ppuom":"£9.09/kg","img":"https://digitalcontent.api.tesco.com/v2/media/ghs/a526dedc-2190-4286-992a-4ec0b6e88528/b1863a52-9408-4d76-a70f-352a6a4c9bc1.jpeg?h=225&w=225"},"308490189":{"n":"Tesco Tomatoes On The Vine 500G","p":1.19,"q":1,"u":"u","nw":{"t":500,"u":"g"},"ppuom":"£2.38/kg","img":"https://digitalcontent.api.tesco.com/v2/media/ghs/6dfb3ed2-6407-4d91-a690-cf44c60f5cc9/eead8cfa-d68b-470e-85e9-eb9a184a24d1.jpeg?h=225&w=225"},"309202594":{"n":"Tesco Finest Tomatoes On The Vine 450G","p":2,"q":1,"u":"u","nw":{"t":450,"u":"g"},"ppuom":"£4.44/kg","img":"https://digitalcontent.api.tesco.com/v2/media/ghs/a602ab43-9ab3-4c94-b235-cbe458d0fe66/b3f3c747-dea4-40f6-89c1-afd054fe991d.jpeg?h=225&w=225"},"309203408":{"n":"Tesco Reduced Sugar And Salt Baked Beans In Tomato Sauce 420G","p":0.42,"q":1,"u":"u","nw":{"t":420,"u":"g"},"ppuom":"£1.00/kg","img":"https://digitalcontent.api.tesco.com/v2/media/ghs/66b963da-d410-47a5-adf9-caad74e0f0ec/d75c93e8-d232-48d6-9372-e67a97c0d9b0_1185103096.jpeg?h=225&w=225"},"312090645":{"n":"Filippo Berio Tomato & Ricotta Pesto 190G","p":2.8,"q":1,"u":"u","nw":{"t":190,"u":"g"},"ppuom":"£1.47/100g","img":"https://digitalcontent.api.tesco.com/v2/media/ghs/f115e061-d9a3-4172-8aa0-9927965334b1/634dcc0a-aa59-46d7-b4a2-ab256625465c_635701485.jpeg?h=225&w=225"},"313966115":{"n":"Tesco Finest Mescolare Vine Tomatoes 400G","p":3,"q":1,"u":"u","nw":{"t":400,"u":"g"},"ppuom":"£7.50/kg","img":"https://digitalcontent.api.tesco.com/v2/media/ghs/745abbf6-88ef-4ff2-921b-bd5902eecb51/120d42d5-1e5c-4e26-94a6-5097dd9e0c3b.jpeg?h=225&w=225"},"313968087":{"n":"Tesco Cherry Tomatoes 300G","p":1,"q":1,"u":"u","nw":{"t":300,"u":"g"},"ppuom":"£3.33/kg","img":"https://digitalcontent.api.tesco.com/v2/media/ghs/b1a3730c-126b-4474-ba26-f1c4e136e232/0ad1cf87-cd9b-49f2-a25a-b5bffa5c7170.jpeg?h=225&w=225"},"314098829":{"n":"Tesco Classic Round Tomatoes 6 Pack","p":0.99,"q":1,"u":"u","nw":{"t":6,"u":"u"},"ppuom":"£0.16/each","img":"https://digitalcontent.api.tesco.com/v2/media/ghs/525f13ef-b75b-46f6-9518-8dac9841a5d0/514c8363-108e-468d-a03e-eca8a5fb61c7.jpeg?h=225&w=225"},"314119392":{"n":"Tesco Baby Plum Tomatoes 300G","p":0.78,"q":1,"u":"u","nw":{"t":300,"u":"g"},"ppuom":"£2.60/kg","img":"https://digitalcontent.api.tesco.com/v2/media/ghs/8d78ab63-4e3e-4685-a06c-143b469722c5/1be66a08-fa74-4f20-b882-98417ea70b29.jpeg?h=225&w=225"},"315390078":{"n":"Heinz No Added Sugar Baked Beans in Tomato Sauce 4 x 200g","p":2.75,"q":1,"u":"u","nw":{"t":200,"u":"g"},"ppuom":"£3.44/kg","img":"https://digitalcontent.api.tesco.com/v2/media/ghs/260ac467-fac6-46b5-904c-0c4b27d9a5f1/9bbe6ce3-9631-4b88-a19f-09d164a274d7.jpeg?h=225&w=225"},"315471490":{"n":"Heinz Baked Beans in Tomato Sauce 4 x 200g","p":2.75,"q":1,"u":"u","nw":{"t":200,"u":"g"},"ppuom":"£3.44/kg","img":"https://digitalcontent.api.tesco.com/v2/media/ghs/daa451ae-b168-4ae1-b843-94107d6759b2/cc188b92-a584-437c-a8e4-3d2c91457ba4.jpeg?h=225&w=225"},"316068684":{"n":"Eat Real Hummus Chips - Tomato & Basil 110g","p":2,"q":1,"u":"u","nw":{"t":110,"u":"g"},"ppuom":"£1.82/100g","img":"https://digitalcontent.api.tesco.com/v2/media/ghs/57cdaf84-be56-4685-b79a-eb5c7c369df3/95fb3127-7b57-4b93-aeaf-5e6533892dc7_838211358.jpeg?h=225&w=225"},"316535742":{"n":"Eat Real Veggie Straws - Tomato, Kale & Spinach 110g","p":2,"q":1,"u":"u","nw":{"t":110,"u":"g"},"ppuom":"£1.82/100g","img":"https://digitalcontent.api.tesco.com/v2/media/ghs/ee0b85df-ac78-4dec-b98f-89b7f93b81dc/1c29284f-d8e1-426a-9269-cffdabf9111b_464187930.jpeg?h=225&w=225"},"316543790":{"n":"Eat Real Hummus Chips - Tomato & Basil, Salt, Sour Cream & Chive 98g","p":2.2,"q":1,"u":"u","nw":{"t":98,"u":"g"},"ppuom":"£2.24/100g","img":"https://digitalcontent.api.tesco.com/v2/media/ghs/a2844159-9cb5-4c7b-8948-4a5e434e22e8/c5e21610-685d-4c22-9a0b-5bd489ed19a2_2045214307.jpeg?h=225&w=225"},"316644181":{"n":"Mutti Polpa Finely Chopped Tomatoes 4 x 400g","p":5.6,"q":1,"u":"u","nw":{"t":400,"u":"g"},"ppuom":"£3.50/kg","img":"https://digitalcontent.api.tesco.com/v2/media/ghs/b633b735-2511-4814-a933-86830888a05a/f4b2088e-a43a-4405-9a43-490e9ccc119c.jpeg?h=225&w=225"},"316927929":{"n":"Loyd Grossman Pesto Sun-Dried Tomato 190g","p":3,"q":1,"u":"u","nw":{"t":190,"u":"g"},"ppuom":"£1.58/100g","img":"https://digitalcontent.api.tesco.com/v2/media/ghs/138f3019-e865-4e6f-b703-3f3cb872f28c/435487d5-7670-43d6-b420-2d19c0016679_2084376859.jpeg?h=225&w=225"},"317980955":{"n":"Chicago Town Subs Cheese & Tomato 2 x 125g","p":2,"q":1,"u":"u","nw":{"t":125,"u":"g"},"ppuom":"£0.80/100g","img":"https://digitalcontent.api.tesco.com/v2/media/ghs/289c581a-b030-409a-a8e3-6de2c1ce7949/4bb52862-6cc9-4511-9500-465a58cc495f.jpeg?h=225&w=225"},"320803886":{"n":"Tesco Finest Roasting Plum Tomatoes with Feta 300g","p":3,"q":1,"u":"u","nw":{"t":300,"u":"g"},"ppuom":"£10.00/kg","img":"https://digitalcontent.api.tesco.com/v2/media/ghs/13f2e224-cc36-4420-9daa-5d5bb968f877/547d1f57-93ee-4b15-8c54-19a0aec3d4ba.jpeg?h=225&w=225"},"321028419":{"n":"Heinz Finely Chopped Tomatoes 400g","p":1.25,"q":1,"u":"u","nw":{"t":400,"u":"g"},"ppuom":"£3.12/kg","img":"https://digitalcontent.api.tesco.com/v2/media/ghs/c4096f84-3cc4-4d5a-832e-54d6e3c38bca/8f8961c3-9152-41e3-95b4-367ff98bba01_1418568728.jpeg?h=225&w=225"},"321331463":{"n":"Eat Real Kids Multipack Cheese Flavour Veggie Straws Tomato Kale & Spinach 5 X 16g","p":2.5,"q":1,"u":"u","nw":{"t":16,"u":"g"},"ppuom":"£3.12/100g","img":"https://digitalcontent.api.tesco.com/v2/media/ghs/414a56c4-3638-4677-ac7d-22978d99eb30/a34817d0-c9bb-4b87-82fe-e377f034e2ae_2118477259.jpeg?h=225&w=225"},"321674241":{"n":"Eat Real Kids Multipack Veggie Straws Tomato Kale & Spinach 5 X 16g","p":2.5,"q":1,"u":"u","nw":{"t":16,"u":"g"},"ppuom":"£3.12/100g","img":"https://digitalcontent.api.tesco.com/v2/media/ghs/6f489a22-0d10-4aee-8d60-a3f8b5a09e0d/875a40ca-2686-4d22-bb53-fc243133473a_1016538440.jpeg?h=225&w=225"}},"oc":{"44876011":{"n":"Ocado Tomatoes on the Vine","p":1.3,"q":1,"u":"u","nw":{"t":450,"u":"g"},"ppuom":"2.89per kg","img":"https://www.ocado.com/productImages/448/44876011_0_150x150.jpg"},"65254011":{"n":"Ocado Baby Plum Tomatoes","p":1,"q":1,"u":"u","nw":{"t":300,"u":"g"},"ppuom":"3.33per kg","img":"https://www.ocado.com/productImages/652/65254011_0_150x150.jpg"},"65255011":{"n":"Ocado Tomatoes","p":1,"q":1,"u":"u","nw":{"t":6,"u":"u"},"ppuom":"0.167each","img":"https://www.ocado.com/productImages/652/65255011_0_150x150.jpg"},"65262011":{"n":"Ocado Cherry Tomatoes on the Vine","p":4.55,"q":1,"u":"u","nw":{"t":500,"u":"g"},"ppuom":"9.1per kg","img":"https://www.ocado.com/productImages/652/65262011_0_150x150.jpg"},"65266011":{"n":"Ocado Family Pack Baby Plum Tomatoes","p":1.75,"q":1,"u":"u","nw":{"t":500,"u":"g"},"ppuom":"3.5per kg","img":"https://www.ocado.com/productImages/652/65266011_0_150x150.jpg"},"66792011":{"n":"Natoora Sicilian Cherry Vine Ripened Tomatoes","p":2.85,"q":1,"u":"u","nw":{"t":200,"u":"g"},"ppuom":"14.25per kg","img":"https://www.ocado.com/productImages/667/66792011_0_150x150.jpg"},"66810011":{"n":"Natoora Sicilian Datterini Tomatoes","p":2.21,"q":1,"u":"u","nw":{"t":200,"u":"g"},"ppuom":"11.05per kg","img":"https://www.ocado.com/productImages/668/66810011_0_150x150.jpg"},"69495011":{"n":"Natoora Italian Marinda Winter Tomatoes","p":6.99,"q":1,"u":"u","nw":{"t":300,"u":"g"},"ppuom":"2.33per 100g","img":"https://www.ocado.com/productImages/694/69495011_0_150x150.jpg"},"69500011":{"n":"Natoora Seasonal Tomato Selection","p":8,"q":1,"u":"u","nw":{"t":600,"u":"g"},"ppuom":"13.33per kg","img":"https://www.ocado.com/productImages/695/69500011_0_150x150.jpg"},"69872011":{"n":"Natoora Italian San Marzano Tomatoes","p":4.5,"q":1,"u":"u","nw":{"t":450,"u":"g"},"ppuom":"10per kg","img":"https://www.ocado.com/productImages/698/69872011_0_150x150.jpg"},"72718011":{"n":"Natoora Sicilian Heritage Tomato Duo ","p":3.25,"q":1,"u":"u","nw":{"t":220,"u":"g"},"ppuom":"14.77per kg","img":"https://www.ocado.com/productImages/727/72718011_0_150x150.jpg"},"76877011":{"n":"Isle of Wight Speciality Tomatoes","p":3.1,"q":1,"u":"u","nw":{"t":300,"u":"g"},"ppuom":"10.33per kg","img":"https://www.ocado.com/productImages/768/76877011_0_150x150.jpg"},"91111011":{"n":"Natoora Sicilian Cherry Vine Ripened Tomatoes","p":4.3,"q":1,"u":"u","nw":{"t":350,"u":"g"},"ppuom":"12.29per kg","img":"https://www.ocado.com/productImages/911/91111011_0_150x150.jpg"},"209385011":{"n":"Natoora Sicilian Vine Ripened Tomatoes","p":3.35,"q":1,"u":"u","nw":{"t":350,"u":"g"},"ppuom":"9.57per kg","img":"https://www.ocado.com/productImages/209/209385011_0_150x150.jpg"},"209412011":{"n":"Natoora Sicilian Datterini Tomatoes ","p":4.5,"q":1,"u":"u","nw":{"t":350,"u":"g"},"ppuom":"12.86per kg","img":"https://www.ocado.com/productImages/209/209412011_0_150x150.jpg"},"283255011":{"n":"Natoora Spanish Black Iberiko Winter Tomatoes","p":4.95,"q":1,"u":"u","nw":{"t":300,"u":"g"},"ppuom":"16.5per kg","img":"https://www.ocado.com/productImages/283/283255011_0_150x150.jpg"},"289342011":{"n":"Wholegood Organic Vine Tomatoes","p":3.25,"q":1,"u":"u","nw":{"t":450,"u":"g"},"ppuom":"7.22per kg","img":"https://www.ocado.com/productImages/289/289342011_0_150x150.jpg"},"289343011":{"n":"Wholegood Organic Cherry Tomatoes on the Vine","p":2.7,"q":1,"u":"u","nw":{"t":225,"u":"g"},"ppuom":"12per kg","img":"https://www.ocado.com/productImages/289/289343011_0_150x150.jpg"},"306885011":{"n":"Wholegood Organic Mixed Cherry Tomatoes","p":3.1,"q":1,"u":"u","nw":{"t":200,"u":"g"},"ppuom":"15.5per kg","img":"https://www.ocado.com/productImages/306/306885011_0_150x150.jpg"},"319928011":{"n":"Ocado Sweet Mixed Baby Tomatoes","p":2,"q":1,"u":"u","nw":{"t":250,"u":"g"},"ppuom":"8per kg","img":"https://www.ocado.com/productImages/319/319928011_0_150x150.jpg"},"319931011":{"n":"Ocado Baby Plum Tomatoes On The Vine","p":2,"q":1,"u":"u","nw":{"t":220,"u":"g"},"ppuom":"9.09per kg","img":"https://www.ocado.com/productImages/319/319931011_0_150x150.jpg"},"399150011":{"n":"Natoora Sicilian Tiger Plum Tomatoes","p":3.1,"q":1,"u":"u","nw":{"t":200,"u":"g"},"ppuom":"15.5per kg","img":"https://www.ocado.com/productImages/399/399150011_0_150x150.jpg"},"450592011":{"n":"Isle of Wight Beef Tomatoes Twinpack","p":3.25,"q":1,"u":"u","nw":{"t":400,"u":"g"},"ppuom":"8.13per kg","img":"https://www.ocado.com/productImages/450/450592011_0_150x150.jpg"},"480202011":{"n":"Isle of Wight Ultimate Tomato Pack","p":12.95,"q":1,"u":"u","nw":{"t":1350,"u":"g"},"ppuom":"9.59per kg","img":"https://www.ocado.com/productImages/480/480202011_0_150x150.jpg"},"517743011":{"n":"M&S Cherry Tomatoes","p":1.2,"q":1,"u":"u","nw":{"t":350,"u":"g"},"ppuom":"3.43per kg","img":"https://www.ocado.com/productImages/517/517743011_0_150x150.jpg"},"517854011":{"n":"M&S Organic Piccolini Cherry Tomatoes Vine Ripened","p":2.7,"q":1,"u":"u","nw":{"t":200,"u":"g"},"ppuom":"13.5per kg","img":"https://www.ocado.com/productImages/517/517854011_0_150x150.jpg"},"517873011":{"n":"M&S Organic Vine Ripened Rosa Tomatoes","p":2.4,"q":1,"u":"u","nw":{"t":375,"u":"g"},"ppuom":"6.4per kg","img":"https://www.ocado.com/productImages/517/517873011_0_150x150.jpg"},"517877011":{"n":"M&S Piccolo Vine Tomatoes","p":2.75,"q":1,"u":"u","nw":{"t":220,"u":"g"},"ppuom":"12.5per kg","img":"https://www.ocado.com/productImages/517/517877011_0_150x150.jpg"},"517944011":{"n":"M&S Rosa Vine Tomatoes ","p":2,"q":1,"u":"u","nw":{"t":400,"u":"g"},"ppuom":"0.5per 100g","img":"https://www.ocado.com/productImages/517/517944011_0_150x150.jpg"},"517967011":{"n":"M&S Pomodolci Tomatoes","p":2.5,"q":1,"u":"u","nw":{"t":220,"u":"g"},"ppuom":"11.36per kg","img":"https://www.ocado.com/productImages/517/517967011_0_150x150.jpg"},"517971011":{"n":"M&S Red & Gold Santini Tomatoes","p":2.8,"q":1,"u":"u","nw":{"t":340,"u":"g"},"ppuom":"0.824per 100g","img":"https://www.ocado.com/productImages/517/517971011_0_150x150.jpg"},"517984011":{"n":"M&S Piccolo Vine Tomatoes","p":4,"q":1,"u":"u","nw":{"t":360,"u":"g"},"ppuom":"11.11per kg","img":"https://www.ocado.com/productImages/517/517984011_0_150x150.jpg"},"517985011":{"n":"M&S Round Tomatoes","p":1,"q":1,"u":"u","nw":{"t":6,"u":"u"},"ppuom":"0.167each","img":"https://www.ocado.com/productImages/517/517985011_0_150x150.jpg"},"520694011":{"n":"M&S Santini Tomatoes","p":1.75,"q":1,"u":"u","nw":{"t":340,"u":"g"},"ppuom":"0.5145per 100g","img":"https://www.ocado.com/productImages/520/520694011_0_150x150.jpg"},"520703011":{"n":"M&S Vine Ripened Claret Tomatoes","p":2,"q":1,"u":"u","nw":{"t":230,"u":"g"},"ppuom":"8.7per kg","img":"https://www.ocado.com/productImages/520/520703011_0_150x150.jpg"},"525583011":{"n":"M&S Collection Isle of Wight Pink Oishi Tomatoes","p":2.5,"q":1,"u":"u","nw":{"t":180,"u":"g"},"ppuom":"1.39per 100g","img":"https://www.ocado.com/productImages/525/525583011_0_150x150.jpg"},"525584011":{"n":"M&S Summer Selection Tomato Mix","p":2.5,"q":1,"u":"u","nw":{"t":280,"u":"g"},"ppuom":"0.893per 100g","img":"https://www.ocado.com/productImages/525/525584011_0_150x150.jpg"},"528436011":{"n":"M&S Tomato Selection","p":2.9,"q":1,"u":"u","nw":{"t":750,"u":"g"},"ppuom":"3.87per kg","img":"https://www.ocado.com/productImages/528/528436011_0_150x150.jpg"},"528437011":{"n":"M&S Organic Claret Vine Tomatoes","p":2.4,"q":1,"u":"u","nw":{"t":225,"u":"g"},"ppuom":"10.67per kg","img":"https://www.ocado.com/productImages/528/528437011_0_150x150.jpg"},"528439011":{"n":"M&S Organic Snacking Tomatoes","p":2.5,"q":1,"u":"u","nw":{"t":250,"u":"g"},"ppuom":"10per kg","img":"https://www.ocado.com/productImages/528/528439011_0_150x150.jpg"},"528440011":{"n":"M&S Large Plum Cooking Tomatoes","p":1.7,"q":1,"u":"u","nw":{"t":500,"u":"g"},"ppuom":"3.4per kg","img":"https://www.ocado.com/productImages/528/528440011_0_150x150.jpg"},"528441011":{"n":"M&S San Marzano Tomatoes","p":2.5,"q":1,"u":"u","nw":{"t":400,"u":"g"},"ppuom":"6.25per kg","img":"https://www.ocado.com/productImages/528/528441011_0_150x150.jpg"},"554186011":{"n":"M&S 3 Tiger Tomatoes","p":2.5,"q":1,"u":"u","nw":{"t":3,"u":"u"},"ppuom":"0.833each","img":"https://www.ocado.com/productImages/554/554186011_0_150x150.jpg"},"554192011":{"n":"M&S Capella Vine Tomatoes","p":2.75,"q":1,"u":"u","nw":{"t":220,"u":"g"},"ppuom":"12.5per kg","img":"https://www.ocado.com/productImages/554/554192011_0_150x150.jpg"},"570642011":{"n":"M&S Collection Arlintia Tomatoes","p":2.75,"q":1,"u":"u","nw":{"t":300,"u":"g"},"ppuom":"0.917per 100g","img":"https://www.ocado.com/productImages/570/570642011_0_150x150.jpg"},"590211011":{"n":"M&S Capella Combo Tomatoes","p":3,"q":1,"u":"u","nw":{"t":220,"u":"g"},"ppuom":"13.64per kg","img":"https://www.ocado.com/productImages/590/590211011_0_150x150.jpg"},"602568011":{"n":"M&S Cherry Vine Tomatoes","p":4,"q":1,"u":"u","nw":{"t":360,"u":"g"},"ppuom":"11.11per kg","img":"https://www.ocado.com/productImages/602/602568011_0_150x150.jpg"},"602868011":{"n":"M&S Sugardrop Tomatoes","p":2.05,"q":1,"u":"u","nw":{"t":220,"u":"g"},"ppuom":"0.9318per 100g","img":"https://www.ocado.com/productImages/602/602868011_0_150x150.jpg"},"605194011":{"n":"M&S Santini Tomatoes","p":3.6,"q":1,"u":"u","nw":{"t":600,"u":"g"},"ppuom":"0.6per 100g","img":"https://www.ocado.com/productImages/605/605194011_0_150x150.jpg"},"629900011":{"n":"Ocado Organic Cherry Tomatoes on the Vine","p":2,"q":1,"u":"u","nw":{"t":200,"u":"g"},"ppuom":"10per kg","img":"https://www.ocado.com/productImages/629/629900011_0_150x150.jpg"},"629903011":{"n":"Ocado Organic Tomatoes on the Vine","p":2.2,"q":1,"u":"u","nw":{"t":400,"u":"g"},"ppuom":"5.5per kg","img":"https://www.ocado.com/productImages/629/629903011_0_150x150.jpg"},"633425011":{"n":"The Real Olive Co Sun dried Cherry Tomatoes","p":3.35,"q":1,"u":"u","nw":{"t":100,"u":"g"},"ppuom":"0.335per 10g","img":"https://www.ocado.com/productImages/633/633425011_0_150x150.jpg"},"634194011":{"n":"Ocado Cherry Tomatoes ","p":1,"q":1,"u":"u","nw":{"t":300,"u":"g"},"ppuom":"3.33per kg","img":"https://www.ocado.com/productImages/634/634194011_0_150x150.jpg"},"648305011":{"n":"M&S Sugardrop Tomatoes","p":4,"q":1,"u":"u","nw":{"t":360,"u":"g"},"ppuom":"1.11per 100g","img":"https://www.ocado.com/productImages/648/648305011_0_150x150.jpg"},"658787011":{"n":" Isle of Wight Campari Vine Tomatoes ","p":2.5,"q":1,"u":"u","nw":{"t":300,"u":"g"},"ppuom":"8.33per kg","img":"https://www.ocado.com/productImages/658/658787011_0_150x150.jpg"},"658788011":{"n":"Isle of Wight Tomato Organic Large Vine","p":3,"q":1,"u":"u","nw":{"t":425,"u":"g"},"ppuom":"7.06per kg","img":"https://www.ocado.com/productImages/658/658788011_0_150x150.jpg"},"658790011":{"n":"Isle of Wight Tomato Organic Mixed Baby Plum","p":3,"q":1,"u":"u","nw":{"t":250,"u":"g"},"ppuom":"12per kg","img":"https://www.ocado.com/productImages/658/658790011_0_150x150.jpg"},"658791011":{"n":"Isle of Wight Tomato Family Box","p":8,"q":1,"u":"u","nw":{"t":1000,"u":"g"},"ppuom":"8per kg","img":"https://www.ocado.com/productImages/658/658791011_0_150x150.jpg"}},"ms":{"108361895":{"n":"Morrisons Market Street Organic Large Vine Ripened Tomatoes","p":2.2,"q":1,"u":"u","nw":{"t":400,"u":"g"},"ppuom":"5.50/kg","img":"https://groceries.morrisons.com/images-v3/4b85987b-1398-4173-a0c1-3546047c9d74/fabb1e75-74d4-4f20-ac91-17ad9db2571c/300x300.jpg"},"108388174":{"n":"Morrisons Baby Plum Tomatoes ","p":0.89,"q":1,"u":"u","nw":{"t":250,"u":"g"},"ppuom":"3.56/kg","img":"https://groceries.morrisons.com/images-v3/4b85987b-1398-4173-a0c1-3546047c9d74/6a7598ef-437e-4251-94b6-4203b09481fe/300x300.jpg"},"108388220":{"n":"Morrisons Cherry Tomatoes 420g","p":1.4,"q":1,"u":"u","nw":{"t":420,"u":"g"},"ppuom":"3.33/kg","img":"https://groceries.morrisons.com/images-v3/4b85987b-1398-4173-a0c1-3546047c9d74/ff0152c9-4dcc-4395-afaf-f2cd0200853c/300x300.jpg"},"108388490":{"n":"Morrisons Sweet Vine Ripened Tomatoes   250g","p":1.39,"q":1,"u":"u","nw":{"t":250,"u":"g"},"ppuom":"5.56/kg","img":"https://groceries.morrisons.com/images-v3/4b85987b-1398-4173-a0c1-3546047c9d74/f10e0af1-7055-4f42-b9e8-c273fded9116/300x300.jpg"},"108388529":{"n":"Morrisons Vine Ripe Cherry Tomatoes ","p":1.35,"q":1,"u":"u","nw":{"t":225,"u":"g"},"ppuom":"6.00/kg","img":"https://groceries.morrisons.com/images-v3/4b85987b-1398-4173-a0c1-3546047c9d74/5d94e3be-bca3-4a15-ae1d-957e9b333660/300x300.jpg"},"108388692":{"n":"Morrisons Vine Ripened Large Tomatoes","p":1.4,"q":1,"u":"u","nw":{"t":1,"u":"u"},"ppuom":"1.40/each","img":"https://groceries.morrisons.com/images-v3/4b85987b-1398-4173-a0c1-3546047c9d74/7df468b4-8a27-4073-b02c-2c5cb96ae784/300x300.jpg"},"108388941":{"n":"Morrisons Salad Tomatoes","p":1.75,"q":1,"u":"u","nw":{"t":750,"u":"g"},"ppuom":"2.33/kg","img":"https://groceries.morrisons.com/images-v3/4b85987b-1398-4173-a0c1-3546047c9d74/3b88bd67-8810-4960-9088-f22308cb2b3d/300x300.jpg"},"108389100":{"n":"Morrisons Salad Tomatoes","p":0.99,"q":1,"u":"u","nw":{"t":1,"u":"u"},"ppuom":"0.99/each","img":"https://groceries.morrisons.com/images-v3/4b85987b-1398-4173-a0c1-3546047c9d74/cb2abced-77be-4aac-8104-1a25d2f9dfba/300x300.jpg"},"108390320":{"n":"Morrisons Loose Beef Tomato","p":0.89,"q":1,"u":"u","nw":{"t":1,"u":"u"},"ppuom":"0.89/each","img":"https://groceries.morrisons.com/images-v3/4b85987b-1398-4173-a0c1-3546047c9d74/82b5108d-8f54-4583-9fb6-579577553140/300x300.jpg"},"112719909":{"n":"Organic Cherry Tomatoes On The Vine","p":2,"q":1,"u":"u","nw":{"t":200,"u":"g"},"ppuom":"10.00/kg","img":"https://groceries.morrisons.com/images-v3/4b85987b-1398-4173-a0c1-3546047c9d74/4b018d0b-8e13-4965-b315-9e08fc3ec120/300x300.jpg"},"113541671":{"n":"Morrisons The Best Piccolina Vine Tomatoes","p":3,"q":1,"u":"u","nw":{"t":400,"u":"g"},"ppuom":"7.50/kg","img":"https://groceries.morrisons.com/images-v3/4b85987b-1398-4173-a0c1-3546047c9d74/5633149c-e579-4798-852f-e027ebd00c82/300x300.jpg"},"113544602":{"n":"Morrisons The Best Piccolina Vine Tomatoes 220g","p":2.15,"q":1,"u":"u","nw":{"t":220,"u":"g"},"ppuom":"9.77/kg","img":"https://groceries.morrisons.com/images-v3/4b85987b-1398-4173-a0c1-3546047c9d74/b2e703ae-0189-47c5-8cd5-2ab735686201/300x300.jpg"},"113749923":{"n":"Morrisons Savers Tomatoes ","p":0.68,"q":1,"u":"u","nw":{"t":250,"u":"g"},"ppuom":"2.72/kg","img":"https://groceries.morrisons.com/images-v3/4b85987b-1398-4173-a0c1-3546047c9d74/35260e5a-0197-480d-abff-84eec73adb65/300x300.jpg"},"113758395":{"n":"Morrisons The Best Pomodorini Tomatoes ","p":2.15,"q":1,"u":"u","nw":{"t":250,"u":"g"},"ppuom":"8.60/kg","img":"https://groceries.morrisons.com/images-v3/4b85987b-1398-4173-a0c1-3546047c9d74/5a80326f-4738-4b79-b7de-3af9a3cf0f2a/300x300.jpg"},"113758424":{"n":"Morrisons The Best Sweet Amori Vine Tomatoes ","p":2.15,"q":1,"u":"u","nw":{"t":220,"u":"g"},"ppuom":"9.77/kg","img":"https://groceries.morrisons.com/images-v3/4b85987b-1398-4173-a0c1-3546047c9d74/1beb5786-ab71-4b20-8a36-8f7ad4038cb2/300x300.jpg"},"113758539":{"n":"Morrisons The Best Dulciz Vine Tomatoes ","p":2.15,"q":1,"u":"u","nw":{"t":220,"u":"g"},"ppuom":"9.77/kg","img":"https://groceries.morrisons.com/images-v3/4b85987b-1398-4173-a0c1-3546047c9d74/7a081e70-9491-4725-b9cb-639c75b52426/300x300.jpg"},"113758660":{"n":"Morrisons The Best Viola Cocktail Tomatoes   300g","p":2.15,"q":1,"u":"u","nw":{"t":300,"u":"g"},"ppuom":"7.17/kg","img":"https://groceries.morrisons.com/images-v3/4b85987b-1398-4173-a0c1-3546047c9d74/8b08da7c-d391-48cf-889f-8a9315a31c99/300x300.jpg"},"113819194":{"n":"Morrisons British Vine Tomato Selection Box 750g","p":4,"q":1,"u":"u","nw":{"t":750,"u":"g"},"ppuom":"5.33/kg","img":"https://groceries.morrisons.com/images-v3/4b85987b-1398-4173-a0c1-3546047c9d74/00f2fe9e-2c78-47fa-957d-0fe45e53fe62/300x300.jpg"}}},"avocado":{"al":{"000000000000271437":{"n":"XL Ripe and Ready Avocado","p":1.39,"q":1,"u":"ea","nw":{"t":1,"u":"u"},"img":"https://dm.emea.cms.aldi.cx/is/image/aldiprodeu/product/jpg/scaleWidth/300/06744899-26a2-42b7-a4ce-247a43049d37/{slug}"},"000000000000264112":{"n":"Ripen At Home Avocados","p":1.29,"q":1,"u":"pac","nw":{"t":4,"u":"u"},"img":"https://dm.emea.cms.aldi.cx/is/image/aldiprodeu/product/jpg/scaleWidth/300/c92ed965-cd84-4597-a723-875bd431c975/{slug}"},"000000000000264079":{"n":"Large Ripe & Ready Avocado","p":0.89,"q":1,"u":"ea","nw":{"t":1,"u":"u"},"img":"https://dm.emea.cms.aldi.cx/is/image/aldiprodeu/product/jpg/scaleWidth/300/cbe2d711-5934-47b1-8a22-52b9f61a70cc/{slug}"},"000000000000264102":{"n":"Ripe & Ready Hass Avocados","p":1.39,"q":1,"u":"pac","nw":{"t":2,"u":"u"},"img":"https://dm.emea.cms.aldi.cx/is/image/aldiprodeu/product/jpg/scaleWidth/300/9c6c55f9-af6e-4dcf-aeef-e8b0085d6274/{slug}"}},"as":{"32811":{"n":"ASDA Creamy & Nutty Avocados","p":1.58,"u":"Each","nw":{"t":2,"u":"u"},"ppuom":"79.0p/each","img":"https://ui.assets-asda.com:443/dm/0000023066755"},"1000230965240":{"n":"ASDA Organic Ripe Avocado","p":1.36,"u":"Each","nw":{"t":1,"u":"u"},"ppuom":"£1.36/each","img":"https://ui.assets-asda.com:443/dm/5057172440023"},"1000336288559":{"n":"ASDA Extra Special Ripe & Ready Giant Avocado","p":2.12,"u":"Each","nw":{"t":1,"u":"u"},"ppuom":"£2.12/each","img":"https://ui.assets-asda.com:443/dm/5057172765539"},"1000373785063":{"n":"Holy Moly Smashed Avocado 150g","p":2.18,"u":"Each","nw":{"t":150,"u":"g"},"ppuom":"£1.45/100g","img":"https://ui.assets-asda.com:443/dm/5060504310116"},"1000383226835":{"n":"COOK by ASDA Avocado Oil 250ml","p":3,"u":"Each","nw":{"t":250,"u":"ml"},"ppuom":"£1.20/100ml","img":"https://ui.assets-asda.com:443/dm/5063089519974"},"9999999113401":{"n":"ASDA Avocados Stock Up Bundle","p":4.74,"u":"Each","nw":{"t":1,"u":"u"},"ppuom":null,"img":"https://ui.assets-asda.com:443/dm/ASDAAvocadosStockUp_Bundle"}},"tc":{"255903025":{"n":"Tesco Ripe & Ready Avocado","p":0.75,"q":1,"u":"u","nw":{"t":1,"u":"u"},"ppuom":"£0.75/each","img":"https://digitalcontent.api.tesco.com/v2/media/ghs/034f9036-44d6-41a3-bbab-52b1be90993b/de99258a-2be1-419c-8ed8-7dadb840641b.jpeg?h=225&w=225"},"257574583":{"n":"Tesco Organic Ripe & Ready Avocados Minimum 2 Pack","p":2.6,"q":1,"u":"u","nw":{"t":2,"u":"u"},"ppuom":"£1.30/each","img":"https://digitalcontent.api.tesco.com/v2/media/ghs/ef447ba7-a350-436c-91f1-1561b6a5132e/b8833fe7-ac4b-4fac-9b59-9122246f010f.jpeg?h=225&w=225"},"265299361":{"n":"Tesco Ready To Eat Large Avocados Each","p":0.95,"q":1,"u":"u","nw":{"t":1,"u":"u"},"ppuom":"£0.95/each","img":"https://digitalcontent.api.tesco.com/v2/media/ghs/6195edc7-67ae-44ce-9dc1-ca538c98d6ba/b85a05ed-a2dc-4bd7-8f00-4f0da7a7aa64.jpeg?h=225&w=225"},"265299741":{"n":"Tesco Perfectly Ripe Avocados Twin Pack","p":1.5,"q":1,"u":"u","nw":{"t":2,"u":"u"},"ppuom":"£0.75/each","img":"https://digitalcontent.api.tesco.com/v2/media/ghs/cea0407a-1776-4acb-ba69-13dc8c3f1ebe/7da8e654-6182-4487-9dbf-b4e5dae0a8eb.jpeg?h=225&w=225"},"279232799":{"n":"Tesco Ready To Eat Extra Large Avocados Each","p":1.39,"q":1,"u":"u","nw":{"t":1,"u":"u"},"ppuom":"£1.39/each","img":"https://digitalcontent.api.tesco.com/v2/media/ghs/b25bb7fd-d9f5-48b0-b94d-960561b4930d/0b38aaea-eed5-4954-b389-7caa03c20d23.jpeg?h=225&w=225"},"309471717":{"n":"Dr Wills Avocado Oil Mayonnaise Sugar Free 175G","p":4,"q":1,"u":"u","nw":{"t":175,"u":"g"},"ppuom":"£2.29/100g","img":"https://digitalcontent.api.tesco.com/v2/media/ghs/504eca44-0b69-4aaa-99ba-733ee8c5a61f/d4c3860e-29db-440c-8e0c-4c47a0e4bf7c_1451460012.jpeg?h=225&w=225"},"310111055":{"n":"Mister Free'd Avocado & Guacamole Tortilla Chips 135g","p":2,"q":1,"u":"u","nw":{"t":135,"u":"g"},"ppuom":"£14.82/kg","img":"https://digitalcontent.api.tesco.com/v2/media/ghs/c17c5dfd-9903-476f-9788-c6e543206c69/8b5cc4be-17fb-4f07-b8d1-8a6b0660c6a4_1553692988.jpeg?h=225&w=225"},"311793754":{"n":"Tesco Ripen At Home Avocados 3Pack","p":1.9,"q":1,"u":"u","nw":{"t":3,"u":"u"},"ppuom":"£0.63/each","img":"https://digitalcontent.api.tesco.com/v2/media/ghs/70e2d48b-795c-412e-b3ef-37fe0b9e603b/1733cb45-fffc-476c-aebc-f3453f920982.jpeg?h=225&w=225"},"314318824":{"n":"The Foraging Fox Avocado & Lemon Mayonnaise 240G","p":3.5,"q":1,"u":"u","nw":{"t":240,"u":"g"},"ppuom":"£1.46/100g","img":"https://digitalcontent.api.tesco.com/v2/media/ghs/b078b01f-1554-4b65-b774-57dc9da80cca/8f4e67c7-f307-4be7-840e-9c901a35d432_1221993700.jpeg?h=225&w=225"},"316423379":{"n":"Hunter & Gather Avocado Oil Mayonnaise Garlic 175g","p":4,"q":1,"u":"u","nw":{"t":175,"u":"g"},"ppuom":"£2.29/100g","img":"https://digitalcontent.api.tesco.com/v2/media/ghs/d073620d-9670-47be-9976-e44a432a4c16/5781d7d0-e2c6-4b17-bdec-f787b340d9a6_1637019100.jpeg?h=225&w=225"},"316534000":{"n":"Tesco Smashed Avocado Vibrant & Zesty 150g","p":2,"q":1,"u":"u","nw":{"t":150,"u":"g"},"ppuom":"£1.33/100g","img":"https://digitalcontent.api.tesco.com/v2/media/ghs/2cf8b7d6-4f19-4192-9702-fb982ab7a9fb/3ae2b076-d2ec-4a76-96e7-37b189462ac8.jpeg?h=225&w=225"},"316537803":{"n":"Hunter & Gather Avocado Oil Mayonnaise Classic 175g","p":4,"q":1,"u":"u","nw":{"t":175,"u":"g"},"ppuom":"£2.29/100g","img":"https://digitalcontent.api.tesco.com/v2/media/ghs/777ea099-a9d1-4d93-ba0b-1aa594b44e6b/6ea7c739-fb64-4648-af1f-ef7db1138f53_1487367168.jpeg?h=225&w=225"},"316539907":{"n":"Tesco Smashed Avocado Vibrant & Spicy 150g","p":2,"q":1,"u":"u","nw":{"t":150,"u":"g"},"ppuom":"£1.33/100g","img":"https://digitalcontent.api.tesco.com/v2/media/ghs/fa742ff4-7fc2-405e-9228-d75f87558ad7/43639feb-933d-46b4-904e-810ce7002467.jpeg?h=225&w=225"},"316657465":{"n":"Holy Moly Smashed Avocado 3 x 57g","p":2.85,"q":1,"u":"u","nw":{"t":57,"u":"g"},"ppuom":"£1.67/100g","img":"https://digitalcontent.api.tesco.com/v2/media/ghs/b4d33bac-cbcb-46fd-a1a0-f1316d71649b/1d4b7bc8-8285-4b5c-ac4e-74e0cabd3959.jpeg?h=225&w=225"},"316796417":{"n":"Tesco Simply Smashed Avocado - 100g","p":1.15,"q":1,"u":"u","nw":{"t":100,"u":"g"},"ppuom":"£11.50/kg","img":"https://digitalcontent.api.tesco.com/v2/media/ghs/fe14827a-db8b-4b58-8930-2c304a8a0c27/90879736-bee3-4a3e-9f58-ffa45d53a6f9.jpeg?h=225&w=225"},"316952757":{"n":"Hunter & Gather Avocado Oil Mayonnaise Chipotle & Lime 175g","p":4,"q":1,"u":"u","nw":{"t":175,"u":"g"},"ppuom":"£2.29/100g","img":"https://digitalcontent.api.tesco.com/v2/media/ghs/ab194766-0533-4975-8db2-8f5c979d6d2a/d8d6e190-72a3-4dd7-a40c-7b58211ef7da_822583797.jpeg?h=225&w=225"},"317206693":{"n":"Just Spices Avocado Topping Seasoning 60g","p":4,"q":1,"u":"u","nw":{"t":60,"u":"g"},"ppuom":"£0.67/10g","img":"https://digitalcontent.api.tesco.com/v2/media/ghs/f177eb80-f3bc-4bef-891d-98b037e9fab4/5e169340-5dc6-4550-b6c9-343cf6c984f5_1126239366.jpeg?h=225&w=225"},"317540221":{"n":"Holy Moly Smashed Avocado 150g","p":2.2,"q":1,"u":"u","nw":{"t":150,"u":"g"},"ppuom":"£1.47/100g","img":"https://digitalcontent.api.tesco.com/v2/media/ghs/2abe1603-2f02-4d28-a88b-b8f94ab4df37/64bc1396-cb63-432a-ba37-83c73f2f17ca.jpeg?h=225&w=225"}},"oc":{"48716011":{"n":"Ocado Baby Ripen at Home Hass Avocados","p":1.5,"q":1,"u":"u","nw":{"t":4,"u":"u"},"ppuom":"0.375each","img":"https://www.ocado.com/productImages/487/48716011_0_150x150.jpg"},"72496011":{"n":"Ocado Medium Ripe & Ready Hass Avocados","p":2.4,"q":1,"u":"u","nw":{"t":3,"u":"u"},"ppuom":"0.8each","img":"https://www.ocado.com/productImages/724/72496011_0_150x150.jpg"},"92683011":{"n":"Natoora Large Ripe Hass Avocado","p":5.55,"q":1,"u":"u","nw":{"t":2,"u":"u"},"ppuom":"2.78each","img":"https://www.ocado.com/productImages/926/92683011_0_150x150.jpg"},"244480011":{"n":"Ocado Extra Large Ripe & Ready Hass Avocados","p":3.5,"q":1,"u":"u","nw":{"t":2,"u":"u"},"ppuom":"1.75each","img":"https://www.ocado.com/productImages/244/244480011_0_150x150.jpg"},"309676011":{"n":"Natoora Organic Ripe Avocado","p":5.55,"q":1,"u":"u","nw":{"t":2,"u":"u"},"ppuom":"2.78each","img":"https://www.ocado.com/productImages/309/309676011_0_150x150.jpg"},"309677011":{"n":"Natoora Ripe Hass Avocado","p":4.25,"q":1,"u":"u","nw":{"t":2,"u":"u"},"ppuom":"2.13each","img":"https://www.ocado.com/productImages/309/309677011_0_150x150.jpg"},"440374011":{"n":"Ocado Organic Ripe & Ready Hass Avocados","p":1.95,"q":1,"u":"u","nw":{"t":2,"u":"u"},"ppuom":"0.975each","img":"https://www.ocado.com/productImages/440/440374011_0_150x150.jpg"},"517773011":{"n":"M&S Perfectly Ripe Extra Large Hass Avocado","p":1.8,"q":1,"u":"u","nw":{"t":1,"u":"u"},"img":"https://www.ocado.com/productImages/517/517773011_0_150x150.jpg"},"517776011":{"n":"M&S Hass Eat Now, Eat Later Avocados","p":2,"q":1,"u":"u","nw":{"t":2,"u":"u"},"ppuom":"1each","img":"https://www.ocado.com/productImages/517/517776011_0_150x150.jpg"},"517789011":{"n":"M&S Perfectly Ripe Medium Hass Avocados","p":1.9,"q":1,"u":"u","nw":{"t":2,"u":"u"},"ppuom":"0.95each","img":"https://www.ocado.com/productImages/517/517789011_0_150x150.jpg"},"517838011":{"n":"M&S Organic Perfectly Ripe Avocados","p":2.65,"q":1,"u":"u","nw":{"t":2,"u":"u"},"ppuom":"1.33each","img":"https://www.ocado.com/productImages/517/517838011_0_150x150.jpg"},"517996011":{"n":"M&S Perfectly Ripe Large Hass Avocado","p":1.2,"q":1,"u":"u","nw":{"t":1,"u":"u"},"img":"https://www.ocado.com/productImages/517/517996011_0_150x150.jpg"},"523816011":{"n":"M&S Ripen At Home Hass Avocados","p":2,"q":1,"u":"u","nw":{"t":4,"u":"u"},"ppuom":"0.5each","img":"https://www.ocado.com/productImages/523/523816011_0_150x150.jpg"},"570588011":{"n":"Ocado Medium Ripe & Ready Hass Avocados","p":1.35,"q":1,"u":"u","nw":{"t":2,"u":"u"},"ppuom":"0.675each","img":"https://www.ocado.com/productImages/570/570588011_0_150x150.jpg"},"570589011":{"n":"Ocado Small Ripe & Ready Hass Avocados","p":2.7,"q":1,"u":"u","nw":{"t":4,"u":"u"},"ppuom":"0.675each","img":"https://www.ocado.com/productImages/570/570589011_0_150x150.jpg"},"570614011":{"n":"M&S Perfectly Ripe Large Hass Avocados","p":2.5,"q":1,"u":"u","nw":{"t":2,"u":"u"},"ppuom":"1.25each","img":"https://www.ocado.com/productImages/570/570614011_0_150x150.jpg"},"570615011":{"n":"M&S Eat Now Eat Later Hass Avocados","p":3.5,"q":1,"u":"u","nw":{"t":4,"u":"u"},"ppuom":"0.875each","img":"https://www.ocado.com/productImages/570/570615011_0_150x150.jpg"},"654204011":{"n":"Ocado Medium Avocado Loose","p":0.75,"q":1,"u":"u","nw":{"t":1,"u":"u"},"img":"https://www.ocado.com/productImages/654/654204011_0_150x150.jpg"}},"ms":{"103853612":{"n":"Morrisons Large Ripened Avocado","p":0.89,"q":1,"u":"u","nw":{"t":1,"u":"u"},"ppuom":"0.89/each","img":"https://groceries.morrisons.com/images-v3/4b85987b-1398-4173-a0c1-3546047c9d74/054b3a01-1dd5-44b4-87cf-74e3cf6cb2ab/300x300.jpg"},"108409220":{"n":"Morrisons Extra Large Avocado","p":1.5,"q":1,"u":"u","nw":{"t":1,"u":"u"},"ppuom":"1.50/each","img":"https://groceries.morrisons.com/images-v3/4b85987b-1398-4173-a0c1-3546047c9d74/608fcb18-4704-4bcc-95dd-6f5f6e293a14/300x300.jpg"},"108409289":{"n":"Morrisons Ripe & Ready Avocados 2 Pack","p":1.3,"q":1,"u":"u","nw":{"t":2,"u":"u"},"ppuom":"0.65/each","img":"https://groceries.morrisons.com/images-v3/4b85987b-1398-4173-a0c1-3546047c9d74/6505bc9f-8b2f-44b2-979d-1f70eee0add3/300x300.jpg"},"113037811":{"n":"Morrisons Savers Avocado","p":1.29,"q":1,"u":"u","nw":{"t":4,"u":"u"},"ppuom":"0.32/each","img":"https://groceries.morrisons.com/images-v3/4b85987b-1398-4173-a0c1-3546047c9d74/21dc4ac5-4287-4318-96f0-4363358a1fa6/300x300.jpg"},"113038380":{"n":"Morrisons Ready To Eat Avocado","p":1.1,"q":1,"u":"u","nw":{"t":1,"u":"u"},"ppuom":"1.10/each","img":"https://groceries.morrisons.com/images-v3/4b85987b-1398-4173-a0c1-3546047c9d74/397916fd-df7b-4875-833f-8d9dbfcc5b67/300x300.jpg"},"113655505":{"n":"Organic Ripe & Ready Avocado ","p":2.6,"q":1,"u":"u","nw":{"t":2,"u":"u"},"ppuom":"1.30/each","img":"https://groceries.morrisons.com/images-v3/4b85987b-1398-4173-a0c1-3546047c9d74/b830aabf-346b-4c47-bfd3-005cb9e27f7a/300x300.jpg"},"114903216":{"n":"Curious Ripe & Ready Extra Large Avocados ","p":2.75,"q":1,"u":"u","nw":{"t":2,"u":"u"},"ppuom":"1.38/each","img":"https://groceries.morrisons.com/images-v3/4b85987b-1398-4173-a0c1-3546047c9d74/b4627cd2-6100-440a-88aa-b865ffa536ba/300x300.jpg"}}},"bags":{"babyleaf rocket":{"tc":{"268312543":{"n":"Tesco Rocket & Babyleaf Salad 90g","p":1.35,"q":1,"u":"u","nw":{"t":90,"u":"g"},"ppuom":"£1.50/100g","img":"https://digitalcontent.api.tesco.com/v2/media/ghs/d73958ee-3746-47b1-8d81-86a206cfc632/c951bcfd-1da3-4cc1-b5bc-bd1098c62dc3.jpeg?h=225&w=225"}}},"wild rocket":{"as":{"910003092907":{"n":"ASDA Wild Rocket","p":0.84,"u":"Each","nw":{"t":60,"u":"g"},"ppuom":"£1.40/100g","img":"https://ui.assets-asda.com:443/dm/5054781580744"}},"tc":{"267315115":{"n":"Fresh & Naked Just Wild Rocket 60G","p":1,"q":1,"u":"u","nw":{"t":60,"u":"g"},"ppuom":"£16.67/kg","img":"https://digitalcontent.api.tesco.com/v2/media/ghs/52c78e10-4aec-4a77-ad1d-7fe7944c4a18/9d6fe84e-0140-4b0d-91be-a51708955eea.jpeg?h=225&w=225"},"299963865":{"n":"Tesco Wild Rocket 60G","p":0.95,"q":1,"u":"u","nw":{"t":60,"u":"g"},"ppuom":"£1.58/100g","img":"https://digitalcontent.api.tesco.com/v2/media/ghs/04bef980-17f8-4326-9b17-6c30a6d6a619/047cb5e9-581c-4d44-b0af-1ac858cc33a6.jpeg?h=225&w=225"}},"oc":{"66561011":{"n":"Natoora Extra Peppery Italian Wild Rocket ","p":2.35,"q":1,"u":"u","nw":{"t":80,"u":"g"},"ppuom":"2.94per 100g","img":"https://www.ocado.com/productImages/665/66561011_0_150x150.jpg"},"518093011":{"n":"M&S Wild Rocket Washed & Ready to Eat","p":1.25,"q":1,"u":"u","nw":{"t":60,"u":"g"},"ppuom":"2.08per 100g","img":"https://www.ocado.com/productImages/518/518093011_0_150x150.jpg"},"518094011":{"n":"M&S Wild Rocket Washed & Ready to Eat","p":2.3,"q":1,"u":"u","nw":{"t":120,"u":"g"},"ppuom":"1.92per 100g","img":"https://www.ocado.com/productImages/518/518094011_0_150x150.jpg"},"648318011":{"n":"Ocado Wild Rocket","p":0.95,"q":1,"u":"u","nw":{"t":60,"u":"g"},"ppuom":"1.58per 100g","img":"https://www.ocado.com/productImages/648/648318011_0_150x150.jpg"}},"ms":{"112489939":{"n":"Morrisons Wild Rocket ","p":1,"q":1,"u":"u","nw":{"t":60,"u":"g"},"ppuom":"16.67/kg","img":"https://groceries.morrisons.com/images-v3/4b85987b-1398-4173-a0c1-3546047c9d74/586dcf55-d3bb-4cea-9ea7-7af38d7c8dcd/300x300.jpg"}}},"rocket":{"al":{"000000000000339755":{"n":"Rocket & Baby Leaf Salad","p":0.89,"q":1,"u":"ea","nw":{"t":90,"u":"g"},"img":"https://dm.emea.cms.aldi.cx/is/image/aldiprodeu/product/jpg/scaleWidth/300/b00014fd-d6ef-47ee-bfee-dff27b8f6d12/{slug}"},"000000000000340022":{"n":"Watercress Spinach & Rocket Salad","p":0.69,"q":1,"u":"ea","nw":{"t":80,"u":"g"},"img":"https://dm.emea.cms.aldi.cx/is/image/aldiprodeu/product/jpg/scaleWidth/300/80be9817-941d-437c-b36d-29d9acff4cc8/{slug}"}},"as":{"1000383280800":{"n":"ASDA Strong & Peppery Watercress, Spinach & Rocket 80g","p":0.85,"u":"Each","nw":{"t":80,"u":"g"},"ppuom":"£10.62/kg","img":"https://ui.assets-asda.com:443/dm/5063089866764"},"910003092407":{"n":"ASDA Mild Baby Leaf & Rocket Salad","p":0.92,"u":"Each","nw":{"t":75,"u":"g"},"ppuom":"£1.23/100g","img":"https://ui.assets-asda.com:443/dm/5054781580751"}},"tc":{"292704781":{"n":"Tesco Watercress, Spinach & Rocket 80g","p":1.35,"q":1,"u":"u","nw":{"t":80,"u":"g"},"ppuom":"£1.69/100g","img":"https://digitalcontent.api.tesco.com/v2/media/ghs/6cb90aa2-2bea-4a24-9c28-0862418f0b29/3102d326-2040-410a-9082-ce30277a3068.jpeg?h=225&w=225"},"321052378":{"n":"Unbeleafable Rocket & Baby Leaves 80g","p":1.5,"q":1,"u":"u","nw":{"t":80,"u":"g"},"ppuom":"£1.88/100g","img":"https://digitalcontent.api.tesco.com/v2/media/ghs/6fae711c-8259-408b-8bff-c555bb101ecf/f0600b42-a3ff-4448-a46d-4d2ec21e8382.jpeg?h=225&w=225"}},"oc":{"517867011":{"n":"M&S Organic Rocket","p":2.4,"q":1,"u":"u","nw":{"t":80,"u":"g"},"ppuom":"3per 100g","img":"https://www.ocado.com/productImages/517/517867011_0_150x150.jpg"},"554170011":{"n":"M&S Organic Baby Leaf Rocket Salad","p":2.2,"q":1,"u":"u","nw":{"t":80,"u":"g"},"ppuom":"2.75per 100g","img":"https://www.ocado.com/productImages/554/554170011_0_150x150.jpg"},"636258011":{"n":"G's Organic Rocket","p":1.7,"q":1,"u":"u","nw":{"t":100,"u":"g"},"ppuom":"1.7per 100g","img":"https://www.ocado.com/productImages/636/636258011_0_150x150.jpg"}},"ms":{"112021287":{"n":"Morrisons Rocket & Baby Leaf Salad 60g","p":0.89,"q":1,"u":"u","nw":{"t":60,"u":"g"},"ppuom":"1.48/100gram","img":"https://groceries.morrisons.com/images-v3/4b85987b-1398-4173-a0c1-3546047c9d74/571ac6a6-89f4-493c-b062-af7db01b1483/300x300.jpg"},"112845403":{"n":"Morrisons Watercress, Spinach & Rocket","p":1,"q":1,"u":"u","nw":{"t":60,"u":"g"},"ppuom":"1.67/100gram","img":"https://groceries.morrisons.com/images-v3/4b85987b-1398-4173-a0c1-3546047c9d74/7a84d8a1-8030-4a60-a313-bf2e05355583/300x300.jpg"}}},"baby leaf":{"al":{"000000000000339745":{"n":"Baby Leaf Salad","p":0.85,"q":1,"u":"ea","nw":{"t":110,"u":"g"},"img":"https://dm.emea.cms.aldi.cx/is/image/aldiprodeu/product/jpg/scaleWidth/300/a43fee86-4448-4764-ad3f-10ec426b2a4e/{slug}"}},"as":{"910002848306":{"n":"ASDA Mild & Tender Mixed Baby Leaf 90g","p":0.94,"u":"Each","nw":{"t":90,"u":"g"},"ppuom":"£1.04/100g","img":"https://ui.assets-asda.com:443/dm/5054781315933"},"1000002092110":{"n":"ASDA Mild Baby Leaf Salad","p":1.04,"u":"Each","nw":{"t":180,"u":"g"},"ppuom":"57.8p/100g","img":"https://ui.assets-asda.com:443/dm/5054781743484"}},"tc":{"304369719":{"n":"Tesco Babyleaf Salad 90G","p":0.95,"q":1,"u":"u","nw":{"t":90,"u":"g"},"ppuom":"£1.06/100g","img":"https://digitalcontent.api.tesco.com/v2/media/ghs/96354491-fceb-43fb-83cb-840c2bbfc83d/98b1b9c8-1bc6-4c03-8288-c51dabbffc2a.jpeg?h=225&w=225"},"316923093":{"n":"Unbeleafable Zesty Baby Leaves 80g","p":1.5,"q":1,"u":"u","nw":{"t":80,"u":"g"},"ppuom":"£1.88/100g","img":"https://digitalcontent.api.tesco.com/v2/media/ghs/be229efb-dd3f-47f2-9115-a1a1de295b50/e739b7ff-1ea0-4c30-95b9-79b7d06b53d5.jpeg?h=225&w=225"},"321762471":{"n":"Unbeleafable Mixed Baby Leaves 80g","p":1.5,"q":1,"u":"u","nw":{"t":80,"u":"g"},"ppuom":"£1.88/100g","img":"https://digitalcontent.api.tesco.com/v2/media/ghs/2c8bad47-167c-4c96-a485-2d700652b87e/b7fdf333-830c-4c67-a892-75aa400861a5.jpeg?h=225&w=225"}},"oc":{"517682011":{"n":"M&S Baby Leaf Salad","p":2.2,"q":1,"u":"u","nw":{"t":140,"u":"g"},"ppuom":"1.57per 100g","img":"https://www.ocado.com/productImages/517/517682011_0_150x150.jpg"},"517683011":{"n":"M&S Baby Leaf Salad Washed & Ready to Eat","p":1.6,"q":1,"u":"u","nw":{"t":80,"u":"g"},"ppuom":"2per 100g","img":"https://www.ocado.com/productImages/517/517683011_0_150x150.jpg"},"519557011":{"n":"M&S Italian Style Baby Leaf Salad Washed & Ready to Eat","p":1.7,"q":1,"u":"u","nw":{"t":80,"u":"g"},"ppuom":"2.13per 100g","img":"https://www.ocado.com/productImages/519/519557011_0_150x150.jpg"},"519558011":{"n":"M&S Italian Style Peppery Baby Leaf Salad","p":2.3,"q":1,"u":"u","nw":{"t":140,"u":"g"},"ppuom":"1.64per 100g","img":"https://www.ocado.com/productImages/519/519558011_0_150x150.jpg"},"648317011":{"n":"Ocado Babyleaf Salad","p":0.95,"q":1,"u":"u","nw":{"t":90,"u":"g"},"ppuom":"1.06per 100g","img":"https://www.ocado.com/productImages/648/648317011_0_150x150.jpg"}},"ms":{"112951054":{"n":"Morrisons Baby Leaf Salad 60g","p":0.89,"q":1,"u":"u","nw":{"t":60,"u":"g"},"ppuom":"1.48/100gram","img":"https://groceries.morrisons.com/images-v3/4b85987b-1398-4173-a0c1-3546047c9d74/07d0fe28-1e1a-4eac-a04d-9d0bc12eadb8/300x300.jpg"}}},"butterhead":{"tc":{"310693807":{"n":"Tesco Butterhead Lettuce","p":0.8,"q":1,"u":"u","nw":{"t":1,"u":"u"},"ppuom":"£0.80/each","img":"https://digitalcontent.api.tesco.com/v2/media/ghs/51196fea-71ae-47dc-87ea-afe3ecec4f55/bca916b2-6410-45d9-8def-05678eed1cb2.jpeg?h=225&w=225"},"312352060":{"n":"Tesco Butterhead Salad 80G","p":1,"q":1,"u":"u","nw":{"t":80,"u":"g"},"ppuom":"£1.25/100g","img":"https://digitalcontent.api.tesco.com/v2/media/ghs/214a6949-9395-4efb-97eb-51e07091707f/c40ca7c6-a45c-4ea3-b8c7-8a682fc0a14f.jpeg?h=225&w=225"}}},"spinach":{"as":{"1000035227559":{"n":"ASDA Beetroot, Baby Spinach & Baby Kale Salad","p":0.88,"u":"Each","nw":{"t":120,"u":"g"},"ppuom":"73.3p/100g","img":"https://ui.assets-asda.com:443/dm/5054781744511"},"910002176321":{"n":"ASDA Mild Tender Baby Spinach","p":0.98,"u":"Each","nw":{"t":180,"u":"g"},"ppuom":"54.4p/100g","img":"https://ui.assets-asda.com:443/dm/5054070901229"},"910003082370":{"n":"ASDA Mild & Tender Spinach","p":1.33,"u":"Each","nw":{"t":300,"u":"g"},"ppuom":"£4.43/kg","img":"https://ui.assets-asda.com:443/dm/5054781512257"}},"tc":{"272107544":{"n":"Fresh & Naked Spinach 125G","p":1,"q":1,"u":"u","nw":{"t":125,"u":"g"},"ppuom":"£8.00/kg","img":"https://digitalcontent.api.tesco.com/v2/media/ghs/01c5c7b7-f9ff-448e-8bc8-a19ce2d51f87/cf33b778-50dd-4e44-b147-17b04cec5bb6.jpeg?h=225&w=225"},"304401971":{"n":"Tesco Baby Spinach 220G","p":1.2,"q":1,"u":"u","nw":{"t":220,"u":"g"},"ppuom":"£0.54/100g","img":"https://digitalcontent.api.tesco.com/v2/media/ghs/de5504db-60a8-466d-9a0d-588f43b25c26/4ccdeb96-3346-4e84-8563-d5f95049307d.jpeg?h=225&w=225"}},"oc":{"310608011":{"n":"Ocado Baby Spinach","p":1.8,"q":1,"u":"u","nw":{"t":220,"u":"g"},"ppuom":"0.818per 100g","img":"https://www.ocado.com/productImages/310/310608011_0_150x150.jpg"},"581117011":{"n":"Ocado Organic Spinach","p":1.95,"q":1,"u":"u","nw":{"t":200,"u":"g"},"ppuom":"0.975per 100g","img":"https://www.ocado.com/productImages/581/581117011_0_150x150.jpg"},"648319011":{"n":"Ocado Spinach","p":2.4,"q":1,"u":"u","nw":{"t":500,"u":"g"},"ppuom":"0.48per 100g","img":"https://www.ocado.com/productImages/648/648319011_0_150x150.jpg"}}}}}}